2508 4048
416 409 525 449 3915
806 396 847 435 X
883 395 924 436 O

467 487 587 524 ΧοΡοΝ
605 487 744 524 Auum:

419 538 530 600 ι’Ποιροι
544 554 604 586 γαρ
621 543 685 578 τοῖς
703 537 861 581 Ἀθηναίοις
875 553 964 585 χορου
981 536 1143 584 ἔτυγχανον
1159 533 1313 583 κωμωδίας

419 604 470 624 και
496 587 662 648 τραγῳδίας
683 586 815 630 ποιηταὶ,
838 586 868 622 οὗ
893 587 1014 629 πάντες,
1039 585 1125 621 ἀλλὰ
1150 585 1179 620 οἱ
1202 584 1314 620 εὗδοκι-

419 642 554 685 μοῦντες,
572 653 622 672 και
640 636 866 683 δοκιμασθέντες
883 635 969 677 ἄξιοι.

470 687 606 722 ΧοΡόΣε
635 684 680 720 T6
710 701 856 731 συστημα
889 689 945 720 τῶν
977 684 1005 720 ἓν
1037 688 1107 723 ταῖς
1139 680 1316 725 ἐκκλησίαις

422 735 558 771 α’δόντων.
586 734 790 796 Διῃρὲθησαν
806 735 838 770 δὲ
859 734 889 770 οἷ
908 750 1008 796 χοροιΝ
1015 739 1070 769 τῶν
1093 733 1256 775 ἐκκλησιῶν
1273 730 1316 770 εἷς

422 772 471 821 δύο
488 785 564 833 με’ρη
582 781 629 819 ἔπι
647 783 855 820 Κωνσταντίου
872 800 924 819 του
950 783 1010 818 υἱοῦ
1028 780 1248 817 Κωνσταντίνου
1264 783 1317 815 τοῦ

422 835 570 881 μεγάλου,
587 849 638 868 και
651 833 869 876 Φλαβιανου,’
857 831 1018 868 επισκόπου
1032 829 1227 878 Αντιοχείας,
1245 829 1317 877 διχῆ

422 900 492 924 τους
508 883 665 945 ψαλμουςκ
674 899 743 922 τους
766 881 971 924 εΔαβιδικους
987 879 1114 928 ᾄδοντες.

426 931 590 979 Ἀντιοχείᾳ
606 937 716 980 πρῶτον
732 931 901 979 ἆρξαμενον,
919 930 963 970 εἷς
980 931 1077 965 πάντα
1102 931 1240 976 περιῆλθε
1265 932 1320 971 τῆς

426 982 594 1027 οἰκουμένης
610 998 650 1017 τα
667 981 793 1040 πέρατα.

475 1032 610 1066 Xon-62:
637 1028 700 1065 Και
718 1030 746 1065 οἱ
760 1044 912 1078 χορευται,
930 1044 980 1063 και
999 1030 1013 1063 6
1029 1026 1129 1067 τόπος.
1155 1029 1300 1075 Ι”Ομηρος·

546 1087 587 1112 Ἐν
600 1084 625 1112 δὲ
640 1095 706 1120 χορον
718 1085 847 1111 ποίκιλλεν.

426 1124 539 1162 μΕν
517 1143 537 1161 ω
555 1125 590 1162 τὸ
608 1142 754 1173 συστημα
770 1130 824 1161 τῶν
840 1129 994 1188 χορευτῶν.

478 1163 596 1225 “Χορός
611 1174 753 1225 τραγικὸς
775 1175 806 1216 ἐξ
826 1173 863 1210 ιε’
879 1173 1045 1221 προσῶπων·
1072 1172 1167 1220 Χορὸς
1193 1169 1321 1217 κωμικὸς

428 1227 459 1268 ἐξ
480 1225 534 1261 κδ’.

478 1275 719 1310 Xopom-rfm:
747 1276 843 1320 Χορου
860 1273 1026 1320 κατάρχων.

479 1324 658 1359 Xom'za:
685 1325 803 1371 Γενικῇ.
893 1357 898 1363 ,

477 1372 670 1409 ΧοΡΤΛιοΣι
698 1374 739 1405 O
756 1359 851 1410 δασυς
867 1385 918 1405 και
935 1367 1099 1416 μαλλωτός
1114 1367 1215 1416 χιτῶν.

478 1422 622 1457 ΧοΡοιΣι
650 1421 714 1456 τᾶιι
740 1419 939 1455 τΡΑταιΔιᾶΝ
971 1417 1135 1453 Axona-m:
1165 1415 1240 1452 Ἐπὶ
1269 1421 1323 1452 τῶν

427 1471 591 1508 πεινώντων
618 1471 655 1510 ὥς
670 1474 788 1518 μακρῶν
803 1467 886 1504 όντων
902 1467 1019 1504 τούτων.
1072 1467 1299 1515 Ἀριστοφάνης·

549 1527 615 1557 Ena
627 1532 709 1557 πεινῶν
723 1531 773 1560 τοῖς
785 1530 894 1565 γχοριιῒιιί
907 1539 955 1555 των
970 1527 1126 1563 Χτραγφδιῦν
1139 1523 1259 1561 Υηχθετο,

548 1570 704 1605 ἐκπετόμενος
717 1568 748 1597 ἂν
761 1567 826 1600 οὗτος
839 1568 985 1604 ῑῆρίστησεν
998 1566 1072 1594 ἐλθὼν
1085 1565 1173 1594 οικαδε.

479 1616 712 1652 Xopoimuoz:
741 1618 797 1650 Ἑν
812 1618 854 1664 τῷ
870 1618 948 1664 χορῷ
964 1613 1089 1650 τύπτων.

479 1667 689 1702 ΧοΡτιιιΑἳοιε
714 1667 829 1705 νΕθνος.

480 1716 649 1751 ΧοΣιιιΑΣι
674 1717 795 1761 ΙὈνομα
811 1729 916 1762 κυριον.
967 1715 1008 1747 Ο
1026 1711 1080 1748 ὑπὸ
1097 1716 1149 1748 τοῦ
1164 1711 1326 1761 ἀρχιερέως

429 1766 534 1805 Φινεὲς
551 1762 777 1812 συνδιαφθαρεις
792 1767 834 1812 τῷ
851 1765 996 1810 Ζαμβρη.

480 1816 660 1850 ΧοΣΡόΗΣ.
688 1817 729 1849 *O
747 1818 822 1848 *τῶν
834 1816 958 1860 Περσῶν
975 1810 1137 1854 βασιλευς.
1165 1813 1325 1857 Ὕμνουσιν

429 1863 517 1899 αὐτὸν
534 1880 584 1899 και
601 1863 730 1927 ἄγανται
748 1861 846 1911 ι’πέρα
868 1866 921 1905 τῆς
947 1860 1033 1902 α’ξίας
1053 1860 1098 1907 μὴ
1115 1859 1178 1895 θοτι
1197 1860 1224 1896 οἱ
1240 1859 1325 1906 Πέρ-

432 1930 497 1957 σαι,
513 1913 598 1952 ἀλλὰ
615 1929 665 1948 και
683 1911 748 1948 ἐ’νιοι
765 1928 820 1947 των
838 1910 999 1957 Ῥωμαίων,
1017 1910 1054 1950 ὧς
1074 1909 1169 1955 λόγων
1186 1909 1324 1958 ἔραστην,

430 1979 481 1999 και
498 1962 687 2009 φιλοσοφίας
702 1966 757 2005 τῆς
773 1960 841 2008 παρ’
852 1962 922 2007 ἡμῖν
935 1960 966 1999 ἔς
982 1975 1067 2007 ακρον
1081 1958 1212 2000 ἐλθόντα,
1229 1974 1325 2005 μετα-

431 2012 629 2059 βεβλημένων
645 2011 724 2060 αὐτῷ
741 2009 800 2046 ὑπό
811 2025 864 2045 του
882 2010 913 2049 ἐς
928 2024 981 2052 την
999 2007 1143 2057 Περσίδα
1159 2008 1254 2054 φωνην
1270 2012 1324 2043 τῶν

471 2184 588 2209 XOPON
603 2180 750 2218 ΔΙΔΩΜΙ]
761 2179 874 2208 Similia
886 2178 983 2207 Schol.
994 2178 1109 2206 Platon.
1121 2187 1149 2216 p.
1164 2184 1228 2214 152.
1250 2177 1327 2205 oonf.

431 2226 531 2250 notata
544 2220 582 2249 ad
593 2220 721 2259 Hesych.
735 2223 764 2248 τὸ
778 2221 907 2256 εὐδοκιμεῖν
915 2218 960 2246 Μ.

472 2268 485 2283 ¹¹
497 2262 553 2289 'Fan
566 2262 615 2298 γὰρ
628 2264 677 2293 τοῖς
688 2261 818 2294 Ἀθηναίων
831 2271 906 2297 χοροις
919 2259 1020 2295 dvm]
1037 2257 1164 2286 Nullum
1177 2257 1246 2286 hinc
1259 2267 1325 2286 sen-

431 2311 494 2330 sum
509 2301 614 2330 elicias.
657 2300 755 2335 Quare
774 2298 957 2328 scribendum
976 2303 1030 2332 est,
1045 2300 1113 2335 παρὰ
1127 2300 1176 2335 γὰρ
1191 2301 1239 2330 τοῖς
1251 2299 1325 2332 Ἀθη-

430 2343 503 2374 ναίοις
521 2353 594 2378 χορων
614 2342 757 2377 ἐτύγχανον,
775 2340 828 2368 &c.
851 2338 974 2367 KUST.
1015 2340 1083 2375 παρὰ
1102 2351 1129 2374 γ.
1149 2349 1175 2366 τ.
1196 2339 1327 2371 Ἀθηναίοις

431 2393 498 2419 χορου
513 2381 551 2409 A.
553 2382 585 2409 C.
600 2385 630 2409 et
644 2380 705 2408 fere
721 2379 755 2408 Β.
760 2379 796 2407 Ε.
824 2381 892 2416 παρὰ
905 2392 932 2415 γ.
946 2391 996 2411 τοις
1007 2380 1138 2412 Ἀθηναίων
1151 2381 1226 2415 χοροῖς
1239 2377 1284 2406 Μ.

472 2421 597 2457 ΧΟΡΟΣ]
610 2420 688 2449 Vide
703 2419 852 2448 Suicerum
868 2419 1007 2447 Thesaur.
1023 2418 1103 2447 Eccl.
1117 2428 1162 2445 vv.
1173 2419 1324 2455 Ἀντίφωνον.
1339 2416 1362 2444 F

433 2461 512 2499 Χορός.
538 2459 766 2488 Ritter-husium
782 2459 860 2487 Sacr.
875 2459 958 2487 Lect.
974 2458 1034 2487 111.
1049 2467 1093 2486 21.
1115 2458 1185 2486 citat
1199 2457 1325 2486 Alberti.

471 2502 642 2562 tAa13¹3¹K⁰⁰4⁸
653 2499 779 2536 ψαλμους]
794 2501 909 2535 ψαλμους
921 2501 976 2531 τους
988 2500 1121 2530 δαυιτικους
1133 2497 1173 2526 A.

471 2543 521 2569 te'v
535 2540 554 2576 ᾤ
566 2553 594 2569 το
608 2540 698 2576 συσπ]
716 2539 775 2568 Hic
787 2539 871 2578 posui
885 2548 950 2567 cum
965 2539 999 2566 A.
1002 2539 1035 2566 C.
1038 2538 1074 2566 E.
1077 2538 1121 2566 Μ.
1146 2537 1246 2576 Vulgo
1259 2542 1326 2576 post

431 2581 509 2613 τόπος.
531 2579 628 2610 Schol.
644 2579 720 2609 Ven.
735 2579 772 2608 ad
786 2579 822 2608 Il.
837 2581 871 2607 σ’.
887 2586 956 2616 590.
976 2591 1017 2606 τον
1030 2579 1100 2606 τόπον
1113 2578 1180 2614 χορὸν
1193 2590 1290 2615 ειρηκεν,
1301 2580 1326 2605 οὗ

431 2634 460 2649 το
474 2623 594 2656 σύστημα
607 2632 654 2647 των
664 2620 811 2657 χορευόντων.
834 2618 959 2647 Addunt
974 2618 1013 2647 A.
1016 2618 1049 2646 C.
1064 2631 1107 2646 και
1120 2620 1245 2655 παροιμία.

473 2667 489 2682 ¹¹
503 2662 575 2698 Χορος
593 2661 707 2697 τραγικὸς
727 2658 755 2692 ἐξ
775 2660 812 2687 ιε’.
830 2659 889 2698 πμ]
904 2658 982 2688 Vide
1003 2658 1121 2686 omnino
1142 2657 1239 2687 Schol.
1256 2656 1325 2685 Ari-

432 2701 526 2739 stoph.
542 2700 643 2738 Equit.
659 2700 726 2737 586.
751 2699 873 2728 KUST.

472 2744 657 2768 ΧΟΡΤΑΙΟΣε
679 2743 712 2767 Ὁ
726 2741 802 2772 δασὺς
815 2740 857 2767 και
875 2739 973 2775 μαλλ.]
992 2738 1114 2776 DionyS.
1130 2736 1324 2765 Halicarnass.

432 2779 482 2807 lib.
498 2779 572 2808 VII.
586 2789 614 2818 p.
627 2787 695 2816 477.
717 2780 806 2807 Σκευαι
824 2778 849 2807 δὲ
868 2782 950 2811 αὐτοῖς
961 2776 1035 2812 ησαν,
1050 2781 1100 2810 τοῖς
1111 2789 1157 2813 μεν
1170 2780 1203 2809 εἰς
1217 2779 1326 2810 Σιληνους
1339 2801 1366 2828 G

432 2821 581 2853 είκασθεισι,
594 2820 721 2855 μαλλωτοι
734 2831 840 2854 χιτωνες,
854 2817 918 2850 ὡς’
903 2830 957 2846 ενιοι
971 2819 1094 2854 χορταιους
1107 2820 1220 2844 καλοῦσι.
1255 2816 1325 2844 Huc

433 2858 539 2887 Suidas
552 2858 689 2897 respexit.
711 2858 819 2886 Confer
833 2858 920 2886 etiam
932 2856 1082 2885 Pollucem
1096 2861 1126 2885 et
1136 2856 1325 2895 Hesychium.

473 2919 610 2967 xopc'nm
637 2941 710 2966 ΤΩΝ
738 2940 947 2966 ἰῬΑιὮιΔιιιΝ
966 2935 1075 2972 ”Α.ΧΘ]
1101 2935 1182 2965 Male
1211 2936 1325 2970 Suidas,

432 2988 556 3016 eumque
577 2978 669 3007 secuti
688 2977 827 3006 Erasmus
847 2982 877 3006 et
899 2976 1047 3010 Schottus,
1062 2976 1157 3004 locum
1174 2976 1252 3005 hunc
1267 2976 1325 3004 Co-

432 3019 499 3047 mici
513 3019 590 3047 inter
603 3017 754 3057 proverbia
768 3017 939 3046 retulerunt.
981 3017 1013 3044 N
1014 3026 1051 3044 οιι
1073 3016 1150 3044 enim
1168 3015 1326 3055 proverbiis

433 3068 499 3087 eum
514 3058 657 3087 accenseri
671 3067 754 3104 posse
772 3057 863 3086 lector
879 3056 964 3086 facile
979 3056 1098 3090 videbit,
1113 3056 1163 3094 qui
1178 3056 1273 3095 ipsum
1287 3056 1326 3084 A-

434 3098 650 3137 ristophanem'
642 3097 783 3137 mspicere
793 3097 927 3126 voluerit.
950 3096 1057 3125 Exstat
1071 3100 1168 3124 autem
1179 3095 1260 3124 locus
1269 3095 1326 3124 Av.

436 3138 502 3174 788.
525 3138 648 3166 KUST.

1165 881 1262 927 'Owep
1289 879 1317 914 ἔν
1331 875 1382 903 B‘
1368 883 1463 918 οποῒος
1480 879 1494 913 6
1514 878 1730 942 Παρμενίδης.

1331 1260 1388 1294 Cn

1743 392 1784 431 X
1821 391 1863 432 O
2143 396 2255 446 3916

772 487 861 523 *Eu*
846 504 900 537 ισῳ
917 491 958 536 τῷ
975 486 1137 533 εὐδοκιμεῖν
1153 502 1204 521 και
1222 491 1311 521 νικᾶν.
1324 490 1349 519 Α
1364 487 1548 527 Ἑλληνικῶν
1553 500 1828 545 συγγραμματων.
1882 483 1943 520 Και
1968 483 2061 521 τοίνυν
2085 484 2191 530 φασιν,
2209 501 2254 521 οτι

1364 531 1440 576 δη*ἰ
1447 532 1511 569 ολον
1531 532 1580 568 τόν
1601 533 1800 595 Σταγειρίτην
1822 535 1971 569 καταπιὼν
1993 550 2038 577 ειη
2059 540 2179 579 μᾶλλον
2199 551 2218 578 η
2242 536 2255 570 6

1363 583 1456 630 ρῆτωρ
1474 583 1488 617 6
1505 582 1671 622 Παιανιευς
1686 581 1735 617 τὸν
1750 582 1888 631 4Ολὸρου,
1901 588 1956 618 τῶν
1971 600 2006 619 τε
2024 584 2190 624 Πλάτωνος
2204 600 2256 619 του

1366 631 1541 694 Ἀρίστωνος
1562 632 1792 675 ἀναπέπλησται
1819 632 1983 679 δογμάτων,
2000 649 2050 668 και
2071 632 2138 668 οἴη-ε
2164 634 2178 668 o‘
2200 632 2258 668 Τι’-

1364 696 1456 727 μαιος
1470 680 1557 717 αὗτον
1564 679 1802 743 ἀποδράσειεν
1782 696 1828 724 αν,
1847 681 1875 716 εἷ
1890 680 1942 717 καὶ
1950 682 2082 744 σφόδρα
2098 686 2258 744 γραμμικῇ

1366 729 1466 778 θεωρίᾳ
1482 729 1685 773 πεποίκιλται,
1703 746 1754 765 και
1770 746 1828 769 τας
1843 734 1899 774 τῆς
1915 730 2035 776 φυσεως
2051 732 2195 779 αἰνιχνευει
2212 748 2260 766 κι-

1366 780 1476 823 νῆσεις,
1493 795 1558 815 ουτε
1575 781 1590 815 o‘
1613 779 1743 822 Φαίδων,
1761 795 1842 815 ουτε
1851 780 1866 814 6
1891 779 2030 828 Γοργίας,
2047 796 2179 827 ουμενουν
2195 780 2259 816 οὔδε

1366 828 1461 869 αλλος
1482 845 1531 870 τις
1548 833 1604 864 τῶν
1618 833 1778 877 γλαφυρῶν
1795 844 1845 864 και
1863 829 2090 891 θᾶγκυλωτέρων
2106 829 2259 891 διαλόγων,

1773 878 1856 925 Έγω
1874 877 1916 919 δε,
1933 877 2028 924 φησιν
2045 878 2196 939 Ἆγαθίας,
2214 895 2261 914 ου-

1368 943 1426 967 τως
1454 926 1542 963 αὗτόν
1569 944 1683 990 αριστα
1714 943 1794 974 εχειν
1825 926 1974 969 παιδείας,
2003 943 2054 963 και
2083 932 2182 963 ταῦτα
2207 932 2262 971 τῆς

1370 975 1560 1043 Ῑοῖκροτάτης,
1586 976 1637 1012 οὖκ
1663 992 1697 1011 αν
1723 992 1797 1012 ποτε
1822 974 1953 1020 οἷηθείην.
2006 981 2101 1016 ΕΠῶς
2123 977 2179 1023 μὲν
2201 993 2261 1025 γαρ

1370 1024 1426 1062 οἷόν
1447 1042 1481 1062 τε
1507 1025 1551 1069 ην,
1569 1025 1602 1062 τό
1621 1024 1842 1086 Ιὀἰκραιφνες’
1828 1042 1918 1061 εκεινο
1937 1031 1992 1061 τῶν
2008 1031 2142 1062 παλαιῶν
2159 1027 2264 1072 ὄνομά-

1369 1091 1435 1117 των,
1453 1073 1518 1110 ικαι
1536 1075 1702 1136 ελευθέριον,
1719 1090 1769 1109 και
1790 1074 1862 1136 πρός
1885 1091 1923 1122 γε
1947 1079 1987 1137 τῇ
2011 1080 2065 1111 τῶν
2081 1077 2264 1123 πραγμάτων

1370 1124 1463 1170 φυσει
1490 1122 1656 1183 προσ-φορόν
1684 1138 1719 1158 τε
1749 1139 1799 1158 και
1824 1123 2058 1184 ἐπικαιρότατον,
2086 1125 2178 1172 αγρία
2206 1141 2263 1160 τινι

1369 1171 1508 1234 γλώττῃ
1511 1188 1562 1207 και
1580 1171 1799 1234 ιςοἷμουσοτοῖτῃ
1814 1172 2019 1216 αποσωθῆναις
2044 1179 2106 1214 πῶς
2129 1174 2213 1210 Ῑδὲ’
2194 1190 2264 1221 ανηρ

1371 1221 1525 1270 βασιλείω
1555 1220 1641 1269 τυφω
1675 1220 1709 1256 ἔκ
1740 1209 1854 1256 παίδων
1881 1237 1932 1257 και
1961 1222 2104 1270 κολακείᾳ
2135 1226 2266 1273 1ιὶπολλῇ

1396 1270 1618 1333 γεγαννυμένος,
1636 1269 1751 1305 διαιταν
1768 1286 1800 1306 τε
1818 1272 1920 1317 λαχων
1937 1271 1968 1311 ἔς
1993 1287 2038 1307 οτι
2061 1258 2266 1320 οβαρυτάτην,

1372 1336 1423 1356 και
1440 1319 1512 1366 πρὸς
1527 1319 1675 1366 πολέμους
1689 1318 1737 1355 ἀει
1753 1335 1804 1355 και
1820 1321 2035 1382 παρατάξεις
2021 1325 2142 1383 ορῶσαν,
2153 1326 2215 1361 πῶς
2231 1321 2267 1365 δη

1372 1386 1419 1406 ουν
1443 1367 1497 1405 ωδε
1523 1370 1632 1411 Ρβιους
1654 1368 1766 1415 ἔμελλε
1792 1385 1876 1416 μεγα
1897 1386 1927 1405 τι
1948 1386 1999 1405 και
2022 1369 2114 1432 λόγου
2135 1370 2253 1412 αξιον’
2239 1386 2267 1406 εν

1372 1419 1473 1455 τοῖσδε
1490 1417 1675 1454 Ἷάπονασθαι
1700 1423 1763 1458 τοῖς
1788 1418 1966 1482 διδάγμασι,
1983 1436 2034 1455 και
2052 1420 2265 1464 ἔνασκηθῆνω

1374 1469 1401 1504 εἶ
1421 1468 1476 1515 μὲν
1501 1466 1548 1503 ουν
1574 1466 1703 1511 ἐπαινοίη
1728 1484 1776 1508 τις
1798 1483 1896 1510 αυτον,
1919 1484 1963 1503 οτι
1991 1469 2027 1512 δη
2052 1468 2205 1511 βασιλευς
2229 1484 2267 1516 γε

1374 1534 1421 1559 ων,
1439 1533 1488 1553 και
1506 1516 1643 1565 Πέρσης,
1661 1517 1758 1552 1“ἕθνιί“.νν
1778 1532 1814 1552 τε
1839 1533 1983 1553 τοσουτων
2000 1534 2051 1553 και
2068 1519 2198 1566 πράξεων
2212 1517 2269 1565 με’-

1374 1575 1424 1603 λον
1441 1566 1530 1615 αυτῷ·
1558 1567 1572 1601 6
1598 1566 1629 1602 δε
1655 1565 1756 1611 ἐφίετο
1781 1582 1850 1613 γουν
1872 1565 1949 1614 ὅμως
1970 1567 2114 1615 ἀμηγέπη
2138 1566 2267 1615 ἄπογεῦ-

1332 1643 1361 1672 D
1375 1620 1459 1652 εσθαι
1494 1603 1615 1663 ιῑλόγων,
1643 1631 1694 1650 και
1718 1619 1760 1677 τῇ
1783 1631 1849 1677 περι
1879 1620 1979 1652 ταῦτα
2003 1618 2162 1664 γάννυσθαι
2189 1616 2267 1666 δόξῃ·

1374 1665 1614 1710 ξυνεπαινεσαιμι
1640 1662 1692 1699 ιαν
1708 1681 1759 1700 και
1778 1664 1872 1712 ἔγωγε
1896 1664 1945 1701 τὸν
1961 1665 2060 1715 ανδρα,
2077 1682 2127 1702 και
2149 1654 2270 1713 μείζονα

1374 1715 1448 1759 θείην
1477 1719 1532 1750 τῶν
1557 1714 1655 1750 αλλων
1682 1716 1855 1775 βαρβάρων.
1905 1717 1999 1751 Ὅσοι
2029 1716 2062 1751 δε
2088 1715 2158 1751 λίαν
2182 1714 2269 1751 αυτόν

1374 1763 1491 1810 “σοφόν
1507 1765 1705 1806 ἀποκαλουσι,
1721 1780 1771 1799 και
1787 1780 1940 1826 μονονουχι
1956 1781 2026 1805 τους
2046 1763 2110 1803 ὅποι
2126 1765 2199 1803 ποτὲ
2215 1781 2269 1800 πε-

1373 1812 1623 1859 φιλοσοφηκότας
1663 1812 1955 1861 Χῦπερβαλλόμενον,
1988 1814 2026 1854 ὥς
2061 1830 2113 1850 και
2146 1815 2271 1858 ἁπάσης

1373 1863 1490 1924 τέχνης
1507 1878 1542 1898 τε
1571 1878 1622 1898 και
1653 1862 1825 1908 ἐπιστήμης
1853 1879 1911 1903 τας
1938 1863 2061 1911 Ὺοῖρχας
2086 1879 2141 1899 και
2166 1862 2270 1903 αι’τίας

1374 1911 1585 1959 διαγινώσκειν,
1603 1911 1722 1947 Ζεκεῖνοι
1748 1928 1784 1946 αν
1806 1912 1950 1958 μάλιστα
1974 1916 2133 1973 φωραθεῖεν
2157 1912 2190 1949 οὖ
2213 1929 2270 1948 των

1372 1961 1516 2005 ἅληθῶν’
1502 1960 1732 2008 εστοχασμένοι,
1748 1959 1824 2011 μόνη
1841 1961 1872 1997 δὲ
1892 1965 1934 2011 τῇ
1955 1966 2012 1998 τῶν
2026 1965 2143 1998 πολλων
2158 1961 2270 2009 ἑπόμε-

1341 2029 1365 2057 E
1373 2027 1413 2047 ¹¹⁰¹
1431 2012 1532 2060 φήμῃ-

1377 2175 1526 2213 Χοροιτυτος,
1540 2175 1552 2201 6
1566 2176 1591 2202 ἐν
1604 2178 1640 2211 τφ
1653 2176 1755 2212 χορευειν
1767 2177 1863 2203 τοι-των
1877 2176 1966 2212 τὴνγη
1951 2177 1987 2204 ’“ν.

1414 2214 1575 2250 ΧΟΣΒΙΔΣ]
1591 2214 1641 2242 Ex
1655 2214 1694 2243 A.
1696 2215 1732 2243 B.
1735 2215 1771 2243 E.
1773 2214 1818 2243 Μ.
1840 2215 1919 2244 Vide
1933 2215 2058 2244 Numer.
2073 2214 2172 2244 XXV.
2190 2224 2227 2252 14

1414 2258 1589 2283 ΧΟΣΡΟΗΣε
1611 2257 1643 2282 Ὁ
1662 2267 1710 2283 των
1730 2259 1829 2293 Περσων
1846 2255 1952 2292 βασιλ]
1971 2255 2081 2284 Totum
2101 2255 2181 2284 hunc
2200 2255 2270 2284 arti-

1374 2296 1472 2325 culum
1494 2293 1600 2323 Suidas
1621 2267 1780 2334 ειιοετρείῐρ
1786 2305 1823 2324 ex
1843 2295 1953 2334 Agath.
1973 2295 2022 2324 lib.
2038 2295 2080 2324 11.
2097 2296 2139 2334 [p.
2153 2295 2222 2335 66.]
2236 2299 2270 2324 ut

1376 2333 1550 2365 Pearsonius
1564 2334 1652 2363 etiam
1666 2335 1875 2364 observaverat.
1898 2335 2021 2364 KUST.

1416 2387 1431 2402 ¹¹
1445 2391 1492 2408 των
1507 2379 1620 2416 Περσων]
1636 2382 1684 2407 τῶν
1697 2389 1755 2408 om.
1770 2378 1808 2408 A.
1811 2379 1845 2408 C.
1887 2379 1962 2408 Mox
1976 2381 2074 2416 ὕμκυσι
2085 2381 2105 2408 δ’
2116 2379 2151 2408 C.

1691 2428 1706 2441 ι
1765 2428 1789 2443 m

1417 2451 1433 2474 b
1446 2454 1509 2490 τέρα
1521 2454 1565 2487 τῆς
1576 2450 1663 2488 ἀξίας]
1678 2452 1730 2490 περὶ
1744 2454 1787 2486 τῆς
1799 2450 1872 2484 ἀξίας
1886 2451 1923 2480 Ε.
1951 2451 2026 2489 πέραν
2039 2451 2073 2480 C.

1416 2503 1430 2519 c
1417 2496 1495 2558 ᾱὸτι]
1510 2496 1548 2524 ὅτι
1560 2508 1591 2533 γε
1605 2497 1637 2524 C.
1652 2496 1703 2534 qui
1716 2506 1773 2525 om.
1787 2499 1818 2528 ὥς
1830 2500 1898 2524 ante
1911 2495 1997 2533 λόγων.

1417 2535 1542 2574 ᾱὸλον]“’
1530 2549 1566 2564 οτι
1579 2535 1633 2564 ολον
1646 2537 1679 2564 C.
1694 2536 1799 2565 omisso
1812 2545 1881 2564 mox
1895 2535 1940 2571 εἴη.
1973 2536 2048 2564 'nun
2062 2538 2074 2564 ὅ
2089 2537 2220 2568 nauscae<
2233 2535 2268 2564 B·

1376 2581 1407 2606 et
1420 2578 1526 2614 Ὀλῶρου
1539 2575 1578 2605 Α.
1581 2577 1614 2604 C.

1416 2623 1430 2639 θ
1444 2616 1622 2654 ὅνγκυλοτέρων]
1642 2615 1815 2654 ὰγκυλωτέρων
1826 2614 1865 2645 A.
1869 2615 1905 2644 E.
1920 2614 2028 2654 Agath.

1417 2656 1429 2678 f
1440 2657 1587 2694 ἀκροτάτης]
1603 2658 1674 2690 ἀκοης
1688 2656 1722 2684 C.

1417 2703 1434 2726 g
1448 2700 1504 2730 nug
1516 2697 1579 2733 γὰρ]
1596 2708 1644 2728 πως
1656 2695 1763 2732 μὲνγὰρ
1777 2694 1893 2724 A.B.C.

1415 2735 1432 2758 h
1447 2736 1591 2774 ἀκραιφνὲς]
1607 2738 1711 2764 ἀκοῦσαι
1724 2740 1801 2773 φησιν
1815 2734 1848 2763 C.

1416 2775 1424 2798 ί
1439 2777 1481 2804 καὶ
1495 2776 1591 2812 asom]
1606 2776 1649 2803 καὶ
1662 2785 1718 2803 om.
1733 2774 1886 2802 A.B.C.E.

1416 2814 1435 2837 k
1448 2815 1611 2852 ἀμουσότητι]
1629 2816 1788 2851 &pawn-om
1803 2814 1841 2842 A.
1844 2814 1878 2842 C.

1417 2855 1426 2878 l
1439 2855 1464 2884 δὲ
1478 2856 1575 2892 ἁνὴρ]“
1565 2867 1576 2883 ο
1589 2855 1647 2891 ἀνὴρ
1661 2855 1695 2882 C.
1710 2854 1761 2892 qui
1775 2864 1832 2882 om.
1847 2857 1875 2882 ἐκ
1887 2855 1988 2882 παίδων.

1417 2902 1443 2917 ¹¹¹
1456 2899 1534 2924 vm*
1519 2895 1547 2933 ῃ]
1563 2907 1609 2923 τινι
1624 2895 1659 2923 Β.
1662 2894 1699 2922 Ε.
1727 2895 1832 2929 κολακίᾳ
1844 2896 1988 2930 γαννιίμενος
2000 2893 2035 2922 C.

1417 2941 1433 2957 Π
1447 2935 1630 2972 γεγανωμένος]
1646 2934 1797 2973 Agathins,
1811 2934 1984 2971 γεγανωμένος.
2026 2932 2104 2962 Vide
2117 2933 2205 2962 etiam
2219 2943 2268 2962 su-

1376 2985 1427 3014 pra
1442 2985 1468 3003 v.
1484 2975 1664 3011 Γεγαννυμένος,
1680 2974 1730 3003 ubi
1744 2974 1809 3002 hie·
1801 2983 1863 3012 1pse
1877 2973 1958 3002 locus
1972 2973 2088 3012 legitur.
2111 2972 2234 3002 KUST.

1416 3022 1432 3037 0
1444 3015 1600 3053 βαρυτάτην]
1613 3014 1755 3053 Agathias
1768 3013 1884 3048 rectius,
1898 3014 2126 3052 βαρβαρικυτάτην.
2145 3012 2267 3041 KUST.

1418 3062 1433 3085 P
1467 3068 1500 3083 ιου
1563 3068 1580 3083 οι
1594 3068 1607 3083 υ
1633 3054 1666 3082 C.

1416 3102 1433 3124 ‘l
1446 3055 1603 3163 ξπόὶἓῖέαιρ
1600 3068 1666 3127 ’ἰοῖς
1662 3094 1812 3131 διδάγμασι]
1827 3095 1974 3122 &vafrae-0⁶5
1994 3105 2020 3121 τι
2039 3092 2148 3130 δόγμασι
2162 3091 2196 3120 C.
2215 3092 2266 3131 qui

1375 3145 1443 3164 mox
1458 3145 1504 3163 om
1554 3147 1566 3162 ν

475 3183 489 3198 V
504 3177 764 3216 χοροῖσιν-ἄχθοιτο]
783 3175 989 3215 χοροις-ἥχθετο
1003 3177 1036 3204 C.
1064 3175 1273 3213 χοροῖς-ἄχθητο
1288 3175 1324 3203 Ε.
1336 3185 1363 3214 H
1418 3181 1430 3197 Γ
1442 3176 1485 3203 καὶ
1498 3175 1580 3210 donau]
1596 3176 1667 3202 doum
1679 3186 1708 3202 τε
1721 3174 1759 3202 Α.
1761 3173 1794 3202 C.
1798 3173 1834 3202 E.

434 3216 524 3253 ῆχθετο
539 3217 573 3245 Β.
601 3221 675 3254 χοροῖς
688 3220 731 3252 τῆς
743 3218 878 3255 τραγῳδίας
890 3216 979 3253 ηχθετο
993 3215 1029 3244 Α.

477 3262 491 3278 Χ
505 3258 652 3293 τραγῳδιων]
667 3261 786 3294 τρωγικῦν
799 3258 831 3285 C.

476 3302 491 3325 y
505 3295 619 3333 αχθοιτο]
637 3297 851 3335 Aristophanes,
865 3296 962 3333 ἤχθετο.
1005 3295 1047 3324 Et
1067 3295 1108 3325 sic
1129 3295 1214 3324 metri
1235 3295 1327 3334 gratia

436 3335 484 3365 hic
497 3334 678 3365 scribendum
693 3342 745 3365 est.
769 3337 891 3365 KUST.

478 3382 491 3397 Ζ
504 3376 671 3412 ἦρίστησεν]’
661 3377 792 3411 ηρέστησεν
807 3376 842 3404 Β.
845 3376 881 3404 Ε.
909 3377 1049 3413 ἠρίστευσεν
1062 3375 1101 3403 Α.

477 3415 705 3451 ΧΟΡΟΙΊὝΠΟΣ]
730 3415 864 3444 Eustath.
887 3416 922 3443 11.
941 3418 978 3449 φ’.
997 3425 1024 3453 p.
1045 3416 1261 3452 1328,=1452,
1278 3423 1324 3451 50.

1417 3221 1428 3236 ⁵
1442 3215 1532 3252 λόγων]
1550 3214 1621 3251 λόγου
1634 3214 1667 3242 C.

1415 3257 1427 3276 t
1441 3254 1471 3283 ἂν
1484 3255 1542 3292 και]
1560 3252 1590 3282 ἂν
1603 3263 1659 3282 om.
1675 3253 1708 3281 C.
1723 3252 1773 3290 qui
1787 3261 1854 3280 mox
1867 3253 1961 3298 μείονα.

1418 3300 1433 3316 ¹¹
1447 3295 1522 3333 σοφὸν
1535 3303 1593 3322 οιιι.
1609 3293 1645 3321 Ε.
1659 3293 1710 3331 qui
1723 3302 1791 3320 mox
1804 3291 1857 3326 ὅπη.
1877 3291 1922 3326 8η
1936 3291 2005 3320 item
2021 3291 2065 3320 M.

1418 3341 1431 3356 Χ
1447 3333 1667 3372 ὑπερβαλλόμενον]
1683 3332 1890 3369 ὑπερβαλλόμενος
1902 3332 1934 3359 C.

1417 3380 1432 3403 y
1446 3376 1527 3411 ἀρχὰς
1539 3386 1581 3402 και
1595 3372 1690 3408 αἰτίας]
1705 3375 1813 3409 ἀρχαίας
1825 3383 1867 3400 και
1881 3373 1960 3404 αὐτὰς
1974 3371 2007 3400 C.

1417 3420 1431 3435 ²
1444 3414 1539 3450 emm]
1556 3416 1641 3445 ἐκεινος
1654 3413 1687 3440 C.
