2508 4048
287 356 391 407 2825
670 354 716 393 H
753 354 795 393 A

1606 350 1651 389 H
1689 350 1729 389 A
2007 355 2115 398 2826

334 446 564 488 Ilm-mian,
591 443 707 479 Ῥοδίων
733 444 887 503 ναύαρχος·
914 441 946 481 ὃς
979 442 1069 478 &Meet
1103 443 1207 491 πρὸς-Δ
1223 441 1369 481 ιἘἰκόνας
1392 440 1471 476 κατὰ
1488 445 1646 486 στοιχεῖον,
1662 440 1778 487 Τέχνην
1793 445 2016 488 γραμματικὴν,
2034 445 2113 493 Περὶ

282 497 396 536 κάη-ας
412 495 482 535 τοὺς
496 492 613 541 καιροὺς
634 491 885 538 εὖαρμοστοτερος
909 488 982 526 εἶναι
1004 495 1057 526 τοῦ
1080 496 1174 527 ”Ha-

284 546 456 593 σιστράτου,
471 543 521 578 διὰ
535 540 570 576 τό
586 539 750 587 βαθύτερος
765 539 858 585 φύσει
881 538 932 574 καὶ
948 540 1172 588 στασιμώτερος

282 600 401 640 μᾶλλον
425 591 445 635 ἢ
470 588 684 637 τολμηρότερος
710 588 863 636 ὑπάρχειν.
915 587 1033 636 Ἆγαθοί
1059 589 1119 636 γὰρ
1146 591 1174 626 οἱ

280 640 387 678 πολλοὶ
401 644 457 675 rev
471 637 616 686 ἀνθρώπων
631 637 684 673 οὒκ
709 638 743 673 ἐκ
766 643 820 673 τῶν
837 637 918 673 κατὰ
934 637 1032 685 λόγον,
1048 638 1119 673 ἀλλ’
1138 639 1171 674 ἔκ

281 696 335 726 τὸν
350 686 569 735 συμβαινόντων
583 690 730 722 ποιεῖσθαι
748 687 804 727 τὰς
821 687 990 731 διαλήψεις.

330 737 524 779 lun-mox,
550 736 783 782 Ἀμφιπολίτης,
807 735 827 780 ἢ
848 735 1013 779 Σικυώνιος,
1036 736 1056 780 ἢ
1079 740 1172 772 Νικο-

279 786 414 830 πολίτης,
440 785 621 832 φιλόσοφος,
655 787 669 820 o‘
703 784 870 829 ἐπικληθεὶς
903 786 1170 833 Φιλοπράγματος.

319 897 545 927 umalama,
565 894 669 930 'Potiu-q
694 892 766 920 Haec
785 899 852 922 sunt
869 893 952 921 verba
969 892 1087 931 Polybii,
1109 902 1171 930 quae

279 940 391 964 exstant
404 934 432 962 in
444 932 592 972 Excerptis
600 932 740 962 aValesio
749 932 842 966 editis,
854 943 881 971 p.
896 942 907 961 ι
917 942 960 961 10.
972 933 1048 961 unde
1061 941 1094 961 ea
1109 932 1171 960 Sui-

279 975 330 1003 das
343 973 472 1014 sumpsit.
514 973 620 1002 Confer
636 973 723 1001 etiam
738 973 877 1001 Nostrum
899 982 983 1012 supra
995 983 1022 1001 v.
1037 975 1170 1007 Διάληψις.

281 1015 397 1043 KUST.
419 1020 449 1043 et
460 1016 675 1052 Βῦαρμοστότερος.
711 1012 768 1041 Hic
781 1013 952 1050 εὖαρμὸστερος
965 1012 1029 1041 edd.
1044 1018 1113 1041 vett.

319 1060 336 1076 ὃ
349 1054 543 1092 Πεισιστράτου]
560 1053 638 1092 Lege
658 1055 846 1090 Πεισιστράτου,
865 1058 896 1081 ut
915 1053 1034 1081 habetur
1055 1052 1083 1080 in
1103 1052 1171 1080 Col-

279 1094 413 1124 lectaneis
427 1091 617 1126 Constantini,
632 1092 696 1121 loco
708 1092 831 1121 laudato.
851 1093 968 1121 KUST.
995 1092 1041 1121 Sic
1055 1093 1125 1121 A.E.

319 1133 512 1170 ΠΑΜΦΙΔΟΣ]
528 1133 587 1162 Hic
600 1132 674 1161 forte
687 1138 731 1161 est
747 1132 918 1171 Pamphilus,
928 1132 1110 1172 philosophus
1124 1132 1171 1161 ille

279 1173 451 1207 Platonicus,
464 1182 549 1211 quem
562 1172 702 1211 Epicurus
716 1172 792 1201 Sami
811 1172 925 1206 audivit,
941 1179 973 1202 ut
990 1179 1109 1201 testatur
1123 1172 1170 1201 Ci-

1220 495 1373 538 γραφικῆς
1389 488 1441 525 καί
1453 490 1612 536 ζωγράφων
1623 488 1747 530 ἐνδόξων,
1760 491 1931 536 σΓεωργικᾶ
1943 493 2060 533 βιβλία
2070 495 2111 540 γ’.

1273 540 1466 579 Πέκοιιιοε,
1485 538 1701 586 Ἆλεξανὸρεῧς,
1717 537 1930 586 γραμματικὸς
1957 543 2112 600 Ἀριστάρ-

1221 604 1315 635 χειος.
1364 589 1508 648 ’Ἕκγραψε
1524 585 1687 633 ιῙΛει,<ι.<ἰῗ’«να·
1715 586 1816 632 (ego-rt
1839 587 1871 622 δὲ
1892 586 2046 624 ἶποικιλων
2061 606 2114 626 πε-

1220 638 1319 685 ριοχὴ,
1345 640 1422 684 Περι
1447 640 1602 682 γλωσσῶν,
1628 635 1692 679 ἦτοι
1719 636 1824 678 λέξεων
1847 637 1966 679 βιβλία
1987 638 2113 683 ἒέννενῆ-

1221 702 1309 722 κοντα
1323 685 1420 720 πέντε·
1448 684 1514 720 ἔστι
1531 685 1563 721 δὲ
1579 684 1636 720 ἀπὸ
1652 689 1705 721 τοῦ
1721 684 1745 721 ε’
1762 686 1913 733 στοιχείου
1929 685 1981 726 ἕως
2004 691 2056 723 τοῦ
2073 688 2112 722 ω’·

1222 735 1261 771 τὰ
1277 734 1335 782 γὰρ
1353 732 1410 769 ἀπὸ
1425 738 1477 769 τοῦ
1493 733 1524 769 α’
1534 734 1627 782 μέχρι
1643 738 1696 770 τοῦ
1712 733 1738 770 δ’
1750 735 1904 783 Ζωπυρίων
1922 736 2113 781 heremitas)

1221 784 1278 824 Εἰς
1293 783 1333 819 τὰ
1351 783 1514 831 Νικάνδρου
1529 784 1708 831 ἀνεξῆγητα,
1721 783 1773 820 καὶ
1789 784 1830 820 τὰ
1847 785 2018 831 καλούμενα
2031 785 2048 808 ¹¹
2057 789 2114 821 ⁴0-

1222 896 1241 908 “
1256 892 1306 920 has
1320 891 1421 920 Suidas
1435 892 1559 931 appellat
1569 892 1677 926 εἰκόναςς
1693 902 1796 931 nempe
1805 892 1940 931 quoniam
1952 894 2114 932 Pamphilus

1222 936 1241 948 “
1256 942 1314 960 non
1329 932 1405 960 nudo
1415 938 1526 960 tantum
1541 942 1670 962 sermone
1680 933 1785 962 formas
1799 933 1947 961 herbarum
1959 933 2114 972 descripsit,

1223 976 1241 988 ‘⁶
1254 981 1350 1001 verum
1374 971 1460 1000 etiam
1484 972 1519 1001 ad
1545 972 1733 1002 imitationem
1758 972 1940 1002 vetustiorum
1969 979 2114 1001 auctorum

1223 1015 1241 1028 “
1256 1012 1430 1045 Graecorum,
1446 1022 1567 1050 quorum
1581 1012 1641 1051 ipse
1655 1013 1853 1052 compilaverat
1865 1012 1977 1046 scrinia,
1991 1013 2114 1051 depictas

1223 1055 1241 1068 “
1255 1051 1410 1081 earundem
1437 1052 1541 1091 effigies
1568 1052 1704 1081 addidit.”
1746 1054 1818 1082 Haec
1845 1050 2016 1082 Lambecius
2029 1064 2036 1080 :
2065 1053 2114 1082 sed

1221 1094 1299 1131 cujus
1312 1093 1520 1131 argumentatio
1539 1102 1617 1121 mera
1634 1098 1744 1122 tantum
1759 1095 1930 1131 conjectura,
1945 1098 1977 1121 ut
1992 1092 2057 1125 dixi,
2071 1093 2115 1121 ni-

1221 1132 1298 1161 titur.
1341 1132 1436 1161 Locus
1449 1139 1544 1161 autem
1559 1132 1670 1166 Galeni,
1686 1132 1715 1161 in
1731 1143 1787 1171 quo
1801 1133 1837 1161 de
1851 1132 2000 1171 Pamphilo
2014 1132 2114 1172 agitur,

1221 1172 1368 1201 adducitur
1377 1173 1413 1201 ab
1423 1173 1522 1201 eodem
1533 1172 1689 1202 Lambecio
1700 1183 1727 1211 p.
1740 1181 1809 1211 529.
1825 1178 1854 1202 et
1868 1172 1908 1202 sic
1921 1183 1951 1202 se
1966 1173 2068 1202 habet:
2084 1176 2115 1200 *ο

278 1224 343 1243 cero
356 1213 405 1242 lib.
420 1214 444 1242 1.
465 1213 501 1241 de
517 1212 628 1242 Natura
646 1213 783 1246 Deorum,
797 1218 827 1242 et
844 1212 973 1241 Laertius
993 1214 1023 1241 in
1038 1213 1169 1251 Epicuro,
1183 1214 1206 1242 C
1219 1212 1245 1241 δέ
1261 1225 1292 1248 γε
1311 1214 1453 1250 Πάμφιλος,
1469 1215 1480 1241 ὅ
1498 1215 1533 1241 τὰ
1553 1214 1604 1250 περὶ
1624 1216 1672 1241 ‘riis
1691 1215 1800 1248 βοτανῶν
1820 1214 1920 1246 συνθεὶς,
1933 1213 2028 1248 εῧδηλός
2047 1216 2115 1242 ἐστιν

278 1264 367 1293 segm.
386 1262 430 1290 14.
460 1254 594 1282 Ceterum
613 1253 648 1282 de
666 1253 721 1282 hoc
737 1259 766 1281 et
779 1253 908 1292 sequenti
922 1253 1070 1292 Pamphilo
1083 1253 1171 1291 pluri-

278 1295 332 1323 bus
350 1293 409 1333 agit
421 1292 591 1322 Lambecius
610 1293 639 1321 in
653 1294 846 1322 Commentar.
862 1293 898 1322 de
918 1293 1093 1322 Bibliotheca
1106 1294 1169 1321 Cae-

277 1344 332 1363 sar.
347 1334 396 1363 lib.
410 1334 449 1363 11.
463 1343 493 1363 c.
504 1341 532 1370 7.
547 1333 595 1361 ubi
608 1332 763 1367 contendit,
779 1333 896 1362 Suidam
913 1343 947 1362 ex
962 1334 1073 1362 duobus
1086 1334 1170 1362 Pam-

278 1373 362 1412 philis
384 1380 440 1402 tres
464 1373 572 1406 fecisse,
589 1373 750 1412 scriptaque
773 1373 890 1402 secundi
914 1374 988 1403 male
1011 1373 1171 1403 attribuisse

277 1413 387 1453 primo;
409 1419 439 1442 et
459 1413 576 1452 proinde
597 1419 689 1442 totum
711 1415 786 1442 hunc
803 1414 838 1442 de
852 1414 1006 1452 Pamphilis
1023 1414 1116 1442 locum
1131 1413 1172 1442 sic

277 1453 456 1482 scribendum
470 1459 499 1482 et
512 1453 540 1481 in
552 1453 681 1482 ordinem
695 1453 880 1493 redigendum
890 1463 950 1482 esse
961 1460 1067 1482 censet.
1093 1456 1170 1490 Πάμ-

278 1499 356 1532 φιλος,
364 1494 551 1532 Ἀμφιπολίτης,
561 1493 575 1528 ἢ
586 1493 737 1528 Samnium&
750 1495 918 1528 Νικοπολίτης,
929 1496 940 1522 ὁ
951 1495 1084 1528 ἐπικληθεὶς
1097 1498 1170 1522 Φιλο-

277 1536 432 1571 γρᾶμματος.
474 1536 616 1572 Πάμφιλος,
644 1533 822 1571 Ἀλεξανδρεὺς,
848 1535 1020 1571 γραμματικὸς
1038 1536 1171 1572 Ἀριστάρ-

1219 1251 1269 1285 κάε
1282 1255 1369 1286 αὒτῦν,
1382 1252 1411 1280 ὄν
1424 1255 1525 1291 γράφει,
1539 1254 1711 1291 γραμματικὸς
1723 1253 1762 1287 ὃν,
1776 1254 1819 1281 καί
1831 1254 1888 1289 μῆθ“
1898 1254 2004 1291 ἑωρακὼς
2013 1255 2061 1286 τὰς
2070 1255 2114 1288 βο-

1219 1294 1304 1326 τάνας,
1319 1293 1375 1330 ὑπὲρ
1390 1292 1420 1321 ὗν
1431 1295 1560 1329 διηγεῖται,
1574 1294 1639 1329 μήτε
1652 1295 1696 1327 τῆς
1713 1295 1832 1330 δυνάμεως
1844 1296 1924 1321 αἰτῶν
1937 1294 2114 1331 πεπειραμένος,

1220 1335 1290 1360 ἀλλὰ
1303 1337 1352 1365 τοῖς
1364 1333 1406 1370 πρὸ
1419 1336 1494 1361 aava?
1506 1333 1657 1371 γεγραφόσιν
1669 1333 1765 1362 ἅπασιν
1784 1333 1842 1361 ἄνευ
1856 1334 1969 1368 βασάνου
1981 1345 2114 1361 πεπιστευ-

1221 1375 1274 1405 mag.
1315 1373 1354 1401 Et
1374 1373 1459 1411 paulo
1479 1379 1562 1402 aute:
1585 1375 1657 1401 Οὕτω
1674 1373 1700 1402 δὲ
1720 1374 1763 1402 καὶ
1778 1375 1910 1412 Πάμφιλος
1928 1374 2059 1408 ἐποιήσατο
2071 1373 2116 1407 τὴν

1220 1414 1272 1450 περὶ
1285 1416 1333 1440 rau
1353 1414 1462 1447 βοτανῧν
1480 1414 1662 1450 πραγματείαν.
1695 1412 1768 1442 Ἀλλ’
1781 1417 1866 1446 ἐκεῖνος
1883 1413 1929 1449 μὲν
1942 1413 1975 1445 εἷς
1986 1426 2014 1441 τε
2030 1415 2116 1449 μύθους

1220 1456 1300 1490 γραῦν
1313 1465 1380 1486 τινας
1398 1451 1553 1491 ἐξετράπετο,
1567 1454 1613 1481 καί
1627 1466 1694 1486 τινας
1711 1456 1824 1491 γοητείας
1843 1453 1900 1489 ἅμα
1921 1454 1985 1481 mehr
2004 1455 2115 1488 ἐπῳδαῖς,

1221 1492 1251 1525 ἃς
1263 1495 1424 1531 ἀναιρούμενοι
1438 1495 1485 1525 τὰς
1496 1495 1605 1528 βοτάνας
1619 1494 1778 1530 ἐπιλέγουσιν.
1813 1494 1862 1521 Ra}
1882 1494 1910 1527 δὴ
1928 1494 2046 1530 κέχρηται
2063 1493 2117 1530 πρὶς

1220 1535 1352 1570 περίαπτα,
1367 1534 1410 1561 καὶ
1422 1532 1505 1565 ἄλλας
1516 1534 1680 1570 μαγγανείας,
1694 1536 1719 1562 οὔ
1732 1533 1862 1571 περιέργους
1874 1533 1942 1569 μόνον
1954 1535 1999 1561 οὔδ’
2013 1531 2059 1565 ἔξω
2072 1535 2116 1566 τῆς

277 1586 348 1610 χειος,
368 1572 476 1611 ἔγραψεν
494 1574 585 1606 εἰκόνας
602 1578 649 1602 τῦν
669 1575 778 1608 βοτανῦν
797 1576 868 1602 κατὰ
886 1578 1014 1610 στοιχεῖον.
1050 1576 1171 1611 Γεωργικὰ
1220 1575 1327 1610 ἰατρικῆς
1347 1573 1439 1608 τέχνης,
1458 1575 1530 1600 ἀλλὰ
1550 1574 1593 1601 καὶ
1616 1575 1711 1607 ψευδεῖς
1733 1574 1847 1604 ἁπάσας.
1883 1572 1956 1600 Haec
1977 1572 2115 1601 Galenus.

277 1615 369 1649 βιβλία
380 1615 416 1650 γ’.
447 1616 490 1646 Εἰς
503 1615 540 1641 τὰ
553 1615 684 1651 Νικάνδρου
699 1613 850 1651 ἀνεξῆγητα,
865 1615 908 1642 καὶ
924 1617 959 1643 τὰ
972 1616 1110 1650 καλούμενα
1122 1617 1168 1641 ’0-
1180 1599 1211 1627 D
1219 1612 1335 1641 KUST.
1378 1613 1502 1640 Kustero
1520 1613 1580 1641 haec
1595 1612 1707 1651 reponit
1719 1611 1940 1650 Wesselingius:
1967 1611 2016 1649 (ad
2029 1611 2115 1640 Diod.

277 1654 384 1692 φιᾶνικα.
414 1654 472 1690 Περὶ
487 1655 617 1691 Γραφικῆς,
631 1655 673 1682 καὶ
686 1656 819 1692 ζωγράφων
831 1653 935 1687 ἐνδόξων.
971 1657 1094 1690 Λειμῶνα·
1114 1652 1170 1682 ἔστι

277 1694 303 1722 δὲ
324 1696 433 1722 ποικίλων
456 1694 553 1731 περιοχὴ
576 1697 706 1730 γλωσσόν,
726 1693 778 1728 ἤτοι
801 1692 897 1726 λέξεων,
918 1695 1009 1728 βιβλία
1032 1694 1171 1728 ἐνενήκοντα

277 1734 356 1762 πέντε·
378 1732 434 1761 ἔστι
445 1733 470 1761 δὲ
484 1734 532 1761 ἀπὸ
547 1737 589 1761 τοῦ
602 1738 622 1761 Ε
636 1735 756 1769 στοιχείου
768 1733 810 1765 ἕως
822 1737 864 1761 τοῦ
883 1737 918 1761 0·
938 1736 973 1761 τὰ
992 1735 1041 1770 γὰρ
1061 1735 1109 1761 ἀπὸ
1129 1736 1176 1761 τοῦ·

277 1779 300 1802 Δ
312 1773 385 1810 μέχρι
404 1776 447 1800 ‘mii
467 1777 490 1800 Δ
510 1775 631 1810 Ζωπυρίων
650 1773 790 1807 ἐπεποιήκει·
811 1773 903 1809 Ts'mu
918 1773 1102 1811 γραμματικήν·
1123 1773 1171 1800 Τέ-

276 1825 335 1849 χνην
347 1813 461 1851 κριτικήν·
482 1813 525 1840 καί
543 1811 615 1841 ἄλλα
632 1816 744 1840 πλεῖστα
762 1815 939 1850 γραμματικοί.
972 1813 1048 1846 Οὗτος
1063 1814 1103 1841 ἀεὶ
1124 1811 1170 1849 ἔμ-

276 1865 359 1890 μετρα
371 1851 455 1889 ἔλεγεν
468 1855 493 1880 ἐν
505 1855 555 1885 τοῖς
563 1853 709 1886 τότοις,8ιο.
751 1852 798 1881 Sic
812 1862 878 1891 ergo
890 1852 1061 1881 Lambecius
1075 1852 1172 1881 omnia

275 1893 389 1931 scripta,
404 1902 468 1931 quae
486 1891 635 1930 Pamphilo
654 1891 744 1930 primo
763 1902 778 1921 a
792 1892 878 1921 Suida
894 1893 1066 1924 tribuuntur,
1081 1892 1107 1921 ei
1122 1893 1171 1921 ab·

273 1933 390 1972 judicat,
409 1938 439 1961 et
457 1933 581 1961 secundo
601 1932 741 1971 assignat3
764 1932 902 1961 adductus
925 1932 1093 1962 auctoritate
1112 1934 1171 1962 Ga-

1221 1651 1276 1680 Sic.
1289 1652 1312 1680 1.
1325 1652 1357 1680 81
1366 1653 1387 1687 .)
1406 1655 1424 1668 ‘⁶
1436 1652 1551 1680 Nollem
1566 1652 1627 1680 haec
1638 1652 1795 1680 Kusterus:
1812 1661 1878 1680 nam
1893 1658 1922 1679 et
1933 1651 1997 1684 ι’ὃέας
2010 1655 2058 1679 τῶν
2071 1652 2115 1685 βο-

1221 1695 1240 1707 “
1254 1695 1332 1720 τανῦν
1346 1691 1386 1719 illi
1405 1691 1506 1731 tribuit
1517 1691 1653 1725 Galenus,
1667 1697 1696 1720 et
1714 1692 1755 1720 ita
1774 1691 1905 1720 describit
1925 1697 1958 1719 ut
1977 1690 2115 1730 imagines

1222 1735 1240 1747 ‘⁸
1254 1741 1315 1760 esse
1328 1731 1460 1765 debeant,
1475 1737 1505 1760 et
1523 1737 1659 1769 praeterea
1675 1741 1706 1760 se
1723 1734 1793 1760 κατὰ
1810 1735 1930 1767 στοιχεῖον
1948 1741 2030 1760 suum
2044 1741 2116 1770 opus

1221 1775 1240 1787 “
1254 1770 1448 1805 concinnasse,
1463 1771 1504 1800 uti
1519 1771 1587 1800 olim
1604 1771 1776 1810 Pamphilus.
1798 1773 1869 1800 Οὕτω
1879 1771 1913 1805 δὲ,
1925 1771 2026 1810 inquit,
2039 1773 2116 1808 Ποίμ-

1223 1815 1242 1827 “
1255 1816 1326 1850 φιλος
1339 1812 1470 1846 ἐποιήσατο
1483 1813 1528 1846 τὴν
1539 1813 1591 1849 περὶ
1611 1816 1659 1840 τῶν
1672 1813 1781 1847 βοτανόν
1794 1814 1978 1849 πραγματείαν.
1998 1811 2074 1850 quod
2088 1817 2118 1840 et

1223 1855 1242 1867 ‘¹
1257 1851 1318 1890 ipso
1332 1852 1482 1880 herbarum
1497 1851 1604 1885 ordine,
1619 1861 1703 1890 quem
1722 1852 1896 1890 probaverat,
1911 1852 2044 1885 firmatur,
2060 1851 2116 1890 pri-

1223 1895 1242 1908 “
1258 1901 1305 1920 mo
1325 1892 1400 1920 enim
1420 1892 1484 1920 loco
1501 1893 1647 1929 Ἄβρότονον,
1666 1898 1726 1920 tum
1743 1891 1839 1929 Ἀγνον,
1849 1890 2116 1929 Ἀγρωστιν,”Αγγου-

1224 1935 1243 1948 “
1258 1945 1316 1966 σαν,
1337 1933 1448 1960 ἀδίαντον
1470 1935 1626 1970 posuerat.”
1663 1933 1794 1961 Ceterum
1816 1931 1871 1960 vid.
1887 1931 2015 1960 clinton.
2030 1932 2063 1960 F.
2076 1931 2116 1960 H.

277 1973 343 2006 leni,
358 1972 452 2011 quiin
469 1972 534 2001 loco
553 1972 625 2001 infra
642 1973 757 2001 citando
771 1973 950 2012 Pamphilum
970 1973 1059 2007 illum,
1073 1973 1122 2011 qui
1137 1973 1172 2001 de
1183 1983 1208 2011 Ε
1222 1972 1278 2001 111.
1294 1982 1322 2011 p.
1333 1973 1401 2010 556.

277 2013 370 2043 herbis
383 2012 506 2051 scripsit,
519 2014 733 2042 Grammaticum
744 2013 876 2052 appellat.
898 2014 1104 2052 Argumentum
1118 2014 1173 2042 hoc

277 2053 434 2083 Achilleum
453 2062 521 2082 sane
539 2053 620 2087 foret,
634 2054 657 2082 si
675 2053 776 2082 Suidas
795 2063 922 2092 expresse
941 2054 1072 2087 traderet,
1087 2054 1171 2082 Pam-

279 2093 387 2133 philum
401 2103 435 2122 ex
451 2094 542 2122 tribus
563 2093 685 2131 primum
707 2093 743 2122 de
763 2093 857 2122 herbis
878 2093 1031 2132 scripsisse.
1065 2095 1172 2122 Verum

279 2144 344 2162 cum
360 2132 529 2162 Lambecius
546 2143 580 2162 ex
598 2133 658 2161 sola
675 2136 845 2172 conjectura,
859 2143 942 2172 quam
961 2143 994 2162 ex
1010 2133 1099 2162 verbis
1113 2134 1173 2162 Ga-

279 2173 335 2202 leni
348 2173 433 2207 elicit,
448 2173 511 2201 loco
525 2173 590 2202 huic
602 2173 702 2206 Suidae‚
710 2173 811 2206 Εἰκόνας
819 2176 889 2201 κατὰ
899 2178 1026 2210 στοιχεῖον,
1038 2179 1173 2211 tanquam

280 2213 390 2247 mutilo,
403 2213 508 2242 inserat
521 2216 569 2241 τῢν
581 2214 699 2248 βοτανὸν,
714 2223 809 2242 vereor
828 2223 865 2242 ne
878 2213 975 2252 opinio
988 2216 1047 2252 ejus
1061 2213 1173 2242 infirmo

281 2253 433 2282 admodum
463 2253 577 2282 tibicine
606 2253 710 2282 nitatur
722 2264 730 2281 ι
759 2255 924 2292 praesertim‚
952 2264 1017 2283 cum
1047 2253 1172 2282 Galenus

280 2294 374 2322 tradat
386 2293 510 2332 quidem,
527 2293 705 2331 Pamphilum
724 2293 759 2322 de
777 2293 869 2322 herbis
887 2293 1038 2332 scripsisse,
1053 2293 1103 2322 sed
1120 2303 1172 2322 nec

279 2335 314 2363 de
330 2335 448 2362 iconibus
461 2342 566 2366 earum,
575 2343 628 2362 nec
642 2333 677 2362 de
691 2333 789 2362 ordine
802 2333 978 2372 alphabetico
993 2334 1078 2362 ullam
1093 2344 1172 2362 men-

1263 2019 1276 2034 c
1292 2015 1413 2051 Γεωργικὰ
1434 2014 1521 2051 βιβλ.]
1544 2013 1588 2041 Ex
1610 2012 1664 2042 hoc
1686 2022 1770 2051 opere
1794 2012 1936 2051 Pamphili
1960 2012 2118 2051 fragmenta

1223 2053 1352 2092 quaedam
1366 2052 1451 2081 hodie
1464 2053 1555 2082 adhuc
1570 2058 1721 2091 supersunt
1737 2052 1766 2081 in
1780 2052 1962 2091 Geoponicis,
1976 2052 2034 2081 sive
2049 2052 2116 2080 Col-

1222 2093 1355 2122 lectaneis
1369 2093 1404 2122 de
1418 2093 1463 2122 Re
1476 2093 1604 2121 Rustica.
1628 2093 1699 2121 Vide
1710 2092 1758 2122 lib.
1770 2093 1810 2122 11.
1826 2103 1850 2121 c.
1867 2094 1911 2121 18.
1923 2092 1972 2121 lib.
1981 2093 2018 2121 V.
2030 2102 2055 2121 c.
2069 2102 2083 2120 2
2087 2101 2116 2129 3.

1222 2132 1271 2161 lib.
1283 2133 1350 2161 V11.
1366 2142 1391 2161 c.
1403 2143 1448 2162 20.
1463 2133 1512 2162 lib.
1527 2133 1565 2161 X.
1580 2142 1604 2161 c.
1617 2142 1666 2170 39.
1682 2143 1707 2161 c.
1720 2142 1770 2169 40.
1784 2139 1814 2161 et
1827 2142 1852 2161 c.
1866 2133 1913 2161 86.
1927 2133 1976 2161 lib.
1991 2133 2078 2161 xm.
2091 2142 2117 2160 c.

1227 2180 1272 2210 15.
1287 2173 1335 2201 lib.
1350 2173 1433 2201 XIV.
1448 2182 1474 2202 c.
1488 2182 1534 2201 20.
1557 2173 1671 2201 KUST.
1704 2175 1827 2210 Γεωργικὰ
1840 2182 1897 2201 om.
1913 2173 1947 2200 A.

1264 2213 1456 2249 ΠΑΜΦΙΛΟΣ]
1473 2212 1573 2241 Cicero
1594 2213 1629 2241 de
1645 2213 1724 2241 Orat.
1740 2213 1795 2241 111.
1817 2222 1844 2250 p.
1860 2220 1928 2249 337.
1950 2212 2116 2240 Hemsterh.

1223 2252 1257 2280 ad
1272 2252 1356 2281 Arist.
1371 2252 1447 2281 Plut.
1462 2263 1490 2291 p.
1504 2262 1514 2280 1
1525 2262 1569 2289 13-
1591 2253 1708 2281 TOUP.
1739 2252 1805 2281 Vid.
1827 2252 1916 2291 Sillig.
1932 2252 2024 2281 Catai.
2039 2251 2117 2280 Arti-

1222 2293 1306 2321 ficum
1321 2303 1349 2331 p.
1365 2301 1422 2329 312
1438 2299 1468 2322 et
1481 2302 1559 2332 seqq.

1263 2331 1279 2354 d
1293 2333 1418 2369 Λειμόνα]
1435 2333 1517 2371 Opus
1532 2333 1586 2362 hoc
1599 2332 1627 2361 in
1646 2332 1790 2371 epitomen
1805 2333 1949 2371 redegerat
1962 2332 2117 2371 Diogenia-

280 2374 388 2403 tionem
402 2373 496 2402 faciat.
532 2373 627 2404 Quare
641 2373 771 2403 existimo
786 2375 889 2412 potius,
899 2384 971 2413 opus
985 2373 1127 2412 Pamphili
1138 2374 1173 2402 de
1186 2369 1210 2397 F
1224 2382 1286 2406 nuS,
1303 2379 1374 2402 teste
1388 2372 1476 2401 Suida
1489 2383 1574 2411 supra
1589 2383 1614 2401 v.
1629 2373 1799 2410 Δινγενειανίς.
1822 2373 1938 2401 KUST.

281 2414 414 2443 Iconibus
427 2412 552 2449 ejusdem
567 2413 654 2442 fuisse
671 2414 840 2451 argumenti,
856 2414 892 2443 de
912 2424 968 2452 quo
989 2414 1087 2452 scripti
1107 2420 1173 2443 sunt

281 2455 337 2483 duo
359 2453 422 2482 libri
435 2452 596 2482 Philostrati
614 2455 666 2491 περὶ
686 2454 786 2487 εἰκόνων,
802 2454 886 2484 hodic
907 2454 999 2484 adhuc
1019 2460 1171 2483 exstantes.

280 2495 367 2523 Porro
386 2493 462 2532 quod
475 2493 510 2521 ad
530 2499 637 2522 ceteras
658 2493 870 2523 emendationes
884 2494 1032 2524 Lambecii
1053 2495 1081 2523 in
1103 2494 1172 2523 cita-

280 2541 341 2563 tum
355 2533 449 2562 Suidae
462 2533 556 2562 locum
569 2533 682 2566 attinet,
697 2534 732 2562 de
752 2534 784 2562 iis
802 2535 870 2572 quid
888 2534 1068 2563 sentiendum
1083 2534 1128 2568 sit,
1143 2534 1172 2563 in

280 2574 355 2603 notis
367 2573 549 2612 sequentibus
564 2573 737 2603 docebimus.
758 2574 874 2603 KUST.
916 2575 1075 2612 Praeceptor
1087 2575 1173 2613 Apel-

281 2614 325 2644 lis.
339 2614 413 2644 Plin.
427 2614 557 2643 XXXV.
572 2623 618 2643 11.
641 2614 707 2642 Vid.
723 2624 806 2653 supra
815 2617 945 2649 Ἀπελλῆς.
967 2615 1127 2643 REINES.

321 2654 338 2678 b
350 2657 451 2687 Εἰκόνας
463 2656 532 2683 κατὰ
549 2655 683 2691 στοιχεῖον]
701 2655 747 2683 De
768 2655 822 2683 hoc
843 2655 907 2684 loco
926 2655 1019 2684 Suidae
1035 2655 1173 2684 exhibebo
1214 2673 1217 2675 ·

282 2695 378 2724 lectori
397 2695 480 2723 verba
499 2694 644 2724 Lambecii
663 2694 711 2723 lib.
727 2695 767 2724 11.
784 2705 810 2733 p.
824 2703 892 2732 535.
904 2695 973 2732 536.
1010 2695 1173 2734 “Ejusdem

282 2739 301 2751 “
315 2744 427 2774 quoque
444 2734 583 2773 Pamphili
603 2735 781 2774 grammatici
794 2735 977 2764 Alexandrini
993 2742 1060 2764 sunt
1078 2736 1174 2764 omnia

281 2779 299 2792 ‘⁶
314 2775 361 2804 illa
373 2776 485 2814 scripta,
500 2774 635 2813 quaejam
656 2775 742 2804 citato
766 2775 829 2804 loco
853 2785 870 2804 a
891 2775 977 2804 Suida
998 2775 1069 2804 falso
1092 2775 1172 2804 attri-

281 2819 300 2832 “
313 2816 438 2845 buuntur
451 2814 601 2854 Pamphilo
621 2815 787 2854 philosopho
801 2815 958 2845 Platonico.
991 2816 1103 2844 Horum
1118 2815 1174 2854 pri-

283 2860 302 2872 “
317 2866 404 2889 mum,
420 2855 495 2894 quod
514 2855 634 2884 traditur
651 2855 824 2885 continuisse
841 2858 940 2889 Εἰκόνας
957 2858 1027 2884 κατὰ
1046 2859 1174 2892 στοιχεῖον,

283 2899 301 2912 “
315 2896 333 2925 i.
345 2906 372 2925 e.
389 2897 525 2933 Imagines
545 2895 646 2925 or'dine
666 2895 855 2934 alphabetico,
876 2895 1016 2935 proecipua
1036 2895 1111 2925 tituli
1132 2895 1174 2924 sui

281 2940 305 2953 “
314 2946 382 2966 voce
397 2936 526 2965 mutilum
548 2942 600 2970 est,
615 2942 715 2974 utpote
728 2946 793 2965 cum
812 2945 870 2964 non
890 2936 1016 2969 addatur,
1032 2946 1172 2974 quaenam,

1265 2419 1278 2435 θ
1292 2412 1348 2442 ἔστι
1362 2413 1387 2441 ’δὲ
1399 2415 1511 2442 ποικίλων
1522 2414 1628 2451 περιοχή.
1651 2414 1710 2450 Περὶ
1719 2414 1778 2450 γλ.]
1794 2412 1962 2442 Lambecius
1975 2412 2039 2441 loco
2053 2418 2119 2441 ante

1224 2453 1338 2482 laudato
1359 2459 1435 2482 recte
1456 2453 1568 2482 monuit
1588 2452 1766 2482 scribendum
1788 2462 1858 2486 esse,
1879 2452 1936 2481 ἔστι
1956 2452 1982 2481 δὲ
2006 2455 2119 2481 ποικίλων

1223 2494 1319 2531 περιοχὴ
1342 2497 1471 2531 γλωσσῶν,
1493 2492 1545 2528 ἤτοι
1567 2492 1663 2527 λέξεων,
1684 2494 1737 2521 &c.
1779 2492 2019 2521 Emendationem
2042 2491 2117 2521 euim

1223 2534 1297 2562 hanc
1311 2534 1460 2562 confirmat
1473 2533 1533 2572 ipse
1547 2533 1647 2561 Suidas
1665 2542 1758 2571 supra,
1773 2534 1821 2562 ubi
1838 2538 1965 2561 recenset
1979 2538 2118 2565 auctores,

1223 2583 1257 2603 ex
1278 2573 1380 2612 quibus
1400 2573 1523 2602 Lexicon
1545 2583 1626 2602 suum
1648 2573 1849 2611 compilaverit.
1891 2573 2024 2601 Ceterum
2046 2582 2119 2610 opus

1224 2614 1278 2642 hoc
1291 2613 1431 2652 Pamphili
1450 2615 1501 2651 περὶ
1519 2616 1640 2650 ’γλωσσῶν
1658 2613 1775 2642 laudant
1791 2613 1954 2645 Athenaeus,
1969 2613 2118 2651 Etymolo-

1223 2664 1285 2693 gus,
1300 2660 1330 2683 et
1340 2653 1505 2682 Eustathius
1519 2654 1555 2682 ad
1569 2653 1671 2692 Odyss.
1686 2663 1714 2692 p.
1730 2661 1815 2691 1572,
1827 2662 1877 2689 4¹·
1899 2653 2018 2682 KUST.

1265 2693 1277 2716 f
1287 2697 1397 2723 ποικίλων
1420 2694 1529 2731 neptuni]
1556 2693 1721 2732 Pamphilus
1747 2693 1796 2732 qui
1819 2693 1855 2722 de
1879 2692 1972 2721 herbis
1997 2692 2117 2731 scripsit,

1223 2734 1406 2774 grammatice
1420 2734 1509 2773 magis
1523 2744 1608 2772 quam
1622 2733 1740 2763 medice.
1763 2733 1864 2762 Galen.
1877 2733 1913 2762 de
1925 2732 2027 2772 Simpl.
2038 2732 2118 2762 Med.

1186 2755 1213 2783 G
1225 2776 1275 2803 VI.
1292 2781 1322 2804 et
1335 2774 1409 2803 Ριῑῃ.
1425 2775 1539 2804 ΧΧνι.
1553 2784 1577 2802 1.
1601 2774 1760 2803 Remus.

1266 2822 1283 2845 g
1296 2815 1446 2850 ἐννενήκοντα
1465 2814 1549 2851 πέντε]
1567 2814 1613 2843 Sic
1633 2813 1738 2852 legitur
1759 2814 1787 2842 in
1811 2823 1877 2842 mss.
1891 2813 1980 2842 Paris.
1995 2812 2135 2851 itemque‘

1224 2865 1307 2894 supra
1327 2855 1356 2883 in
1378 2855 1505 2893 catalogo
1526 2861 1684 2887 auctorum,
1704 2864 1738 2883 ex
1763 2854 1864 2893 quibus
1882 2853 2008 2883 Lexicon
2026 2852 2119 2882 Suidae

1225 2895 1407 2934 compilatum
1423 2902 1474 2924 est.
1516 2896 1554 2923 At
1569 2895 1674 2933 priores
1693 2894 1773 2923 editt.
1789 2894 1905 2927 habent,
1920 2895 1967 2928 σε’,
1982 2893 2001 2922 i.
2013 2903 2038 2921 e.
2052 2901 2118 2930 205.

1224 2938 1302 2974 quus
1324 2936 1387 2965 loco
1407 2935 1523 2964 alteram
1545 2934 1695 2964 lectionem
1718 2934 1941 2964 substituendam
1963 2942 2024 2962 esse
2045 2938 2119 2961 recte

283 2980 301 2993 ‘⁶
315 2983 364 3006 aut
376 2975 456 3013 cujus
469 2976 579 3015 generis
593 2976 697 3006 fuerint
710 2978 849 3013 imagines.
891 2976 1072 3015 Supplendus
1090 2976 1175 3015 igitur
1219 2974 1358 3012 judicavit
1371 2975 1550 3004 Lambeeius.
1571 2975 1687 3003 KUST.

284 3021 302 3033 ‘⁸
317 3023 360 3046 est
372 3016 418 3046 hic
432 3017 559 3045 defectus
569 3026 602 3044 ex
617 3026 700 3055 supra
711 3016 797 3045 citato
806 3016 909 3045 Galeni
920 3017 994 3049 loco,
1003 3022 1033 3044 et
1043 3016 1103 3044 sine
1119 3016 1175 3044 ulla

283 3061 302 3072 “
316 3056 493 3086 haesitatione
507 3056 695 3090 scribendum,
710 3057 810 3089 Εἰκόνας
828 3060 875 3084 τῧν
892 3058 1000 3090 βοτανῦν
1019 3058 1089 3084 κατὰ
1107 3067 1175 3083 στοι-

285 3100 303 3112 “
317 3101 389 3133 χεῒον,
402 3097 421 3126 i.
431 3106 456 3126 e.
472 3098 609 3133 Imagines
623 3097 767 3125 herbarum
786 3097 879 3125 ordine
893 3096 1074 3133 alphabetico.
1110 3095 1173 3134 Sig-

1266 3014 1283 3037 h
1296 3016 1403 3053 Ὀπικά]
1421 3016 1483 3044 Vox
1497 3021 1542 3043 est
1557 3021 1699 3053 corrupta,
1713 3017 1793 3053 cujus
1805 3014 1869 3042 loco
1886 3013 1971 3042 modo
1990 3012 2118 3040 laudatus

1225 3055 1394 3084 Lambecius
1405 3066 1433 3093 p.
1445 3064 1512 3092 54¹·
1527 3054 1736 3083 rescribendum
1751 3064 1813 3083 esse
1828 3059 1925 3082 censet
1938 3053 2055 3090 ὄφιόνικα,
2064 3051 2082 3079 i.
2092 3061 2118 3080 e.

1227 3101 1258 3123 ut
1272 3094 1332 3133 ipse
1346 3094 1554 3133 interpretatur,
1569 3095 1701 3123 Remedia
1720 3098 1815 3122 contra
1830 3096 1972 3130 serpentes.
2014 3093 2053 3120 At
2065 3101 2119 3131 ego

283 3140 303 3152 ‘⁶
317 3137 444 3166 nificatur
457 3137 532 3166 enim
547 3136 595 3165 illa
611 3136 673 3175 ipsa
684 3139 846 3174 πραγματεία
862 3138 914 3174 περὶ
927 3140 974 3164 τῢν
986 3137 1094 3170 βοτανόν
1107 3138 1177 3164 κατὰ
1186 3140 1215 3168 Η
1226 3134 1320 3173 potius
1334 3134 1484 3173 legendum
1495 3144 1556 3163 esse
1569 3144 1699 3163 censeam
1713 3136 1817 3171 ὄφιακὰ,
1831 3133 1900 3170 (quo
1912 3131 2027 3160 nomine
2038 3137 2119 3161 nota-

284 3180 303 3192 “
317 3181 442 3214 στοιχεῖον,
458 3177 514 3206 sive
532 3178 679 3205 Tractatus
697 3178 730 3205 de
751 3177 839 3206 herbis
857 3177 1050 3214 alphabeticus,
1066 3175 1114 3214 qui
1131 3185 1175 3204 se-

287 3219 306 3231 “
319 3217 441 3246 cundum
456 3216 559 3246 Galeni
573 3216 766 3246 testimonium
787 3217 841 3246 fide
859 3216 1053 3256 dignissimum
1070 3217 1110 3245 ita
1123 3215 1176 3244 fuit

286 3259 305 3271 ‘¹
318 3256 498 3294 compositus,
514 3263 545 3286 ut
564 3267 597 3286 ex
618 3257 736 3296 poeticis
757 3257 857 3286 sabulis
877 3257 992 3295 aliisque
1010 3256 1050 3285 illi
1066 3255 1176 3284 insertis

285 3300 303 3311 ‘¹
321 3295 402 3334 nugis
421 3302 450 3325 et
469 3297 582 3336 ineptiis
603 3297 669 3326 satis
689 3297 763 3326 clare
782 3303 937 3336 appareret,
953 3302 1097 3326 auctorem
1115 3295 1175 3332 ejus

287 3340 305 3351 “
320 3335 405 3364 fuisse
425 3336 648 3372 grammaticum,
662 3343 691 3365 et
709 3347 755 3366 eas
773 3338 883 3370 herbas,
898 3347 1015 3375 quarum
1034 3338 1107 3365 ideas
1121 3335 1176 3363 sive

288 3379 305 3391 “
320 3375 424 3404 formas
439 3375 595 3404 describere
608 3383 726 3405 conatus
739 3383 823 3410 esset,
840 3386 983 3414 nunquam
999 3375 1119 3414 propriis
1133 3375 1174 3403 vi-

286 3421 305 3432 “
318 3415 391 3444 disse
405 3415 502 3444 oculis.
533 3416 611 3446 Quas
624 3425 691 3455 ergo
705 3417 831 3445 Galenus
845 3422 925 3445 vocat
938 3417 1003 3448 ἰδέας
1016 3416 1175 3447 herbarum,

1226 3180 1272 3203 tur
1285 3178 1386 3212 poema
1400 3174 1435 3202 de
1448 3173 1638 3212 serpentibus)
1655 3173 1822 3202 auctoritate
1836 3171 2000 3201 Scholiastoe
2013 3171 2119 3201 Nican-

1226 3214 1277 3248 dri,
1297 3213 1344 3252 qui
1365 3224 1391 3252 p.
1406 3224 1453 3242 20.
1482 3213 1658 3242 Nicandrum
1678 3223 1806 3251 expresse
1825 3216 1850 3241 ἐν
1872 3216 1907 3248 τᾷ
1927 3214 2022 3250 ὄφιακῷ
2040 3211 2118 3241 citat.

1227 3254 1333 3283 Similis
1349 3253 1507 3293 argumenti
1522 3259 1552 3282 et
1564 3253 1639 3281 tituli
1653 3253 1755 3282 librum
1770 3252 1920 3291 scripserat
1933 3251 2016 3281 etiam
2029 3252 2119 3281 Petri-

1226 3295 1304 3327 chus,
1320 3299 1393 3323 teste
1406 3294 1504 3322 eodem
1519 3292 1684 3327 Scholiasta,
1699 3303 1727 3332 p.
1742 3300 1788 3330 27.
1803 3298 1834 3322 et
1847 3301 1894 3329 30.
1916 3292 2032 3321 KUST.
2075 3293 2118 3320 An

1227 3335 1280 3372 leg.
1300 3336 1416 3373 Ὀρφικά.
1439 3333 1476 3362 cf.
1493 3333 1599 3362 Athen.
1613 3343 1682 3362 varr.
1697 3333 1767 3363 locc.
1782 3339 1812 3361 et
1825 3333 1907 3361 Voss.
1925 3332 1960 3361 de
1975 3332 2052 3361 Hist.
2068 3333 2119 3360 Gr.

1228 3385 1253 3413 p.
1271 3384 1338 3411 3¹3·
1362 3374 1517 3402 REINES.

1968 3412 1988 3428 ἢ
