2508 4048
249 365 351 415 2981
638 361 681 401 K
717 361 756 400 E

1599 362 1639 401 K
1677 363 1717 402 E
1997 372 2101 412 2082

246 456 334 496 κλεος
360 454 492 504 ε’χοντων·
521 453 555 499 ἠ
572 470 608 490 ων
624 454 659 491 αν
679 471 727 495 τις
753 452 924 502 ἔπικρῦψειε
950 470 985 489 το
1006 468 1105 501 ονομα·
1133 454 1151 498 ἢ
1166 463 1190 491 Α
1253 452 1471 515 KEQAAM'ON:
1489 456 1808 516 Παραλαμβανεται’
1796 473 1843 491 επι
1856 460 2038 505 γράμματος
2052 462 2103 498 καὶ

247 505 443 553 Βδυσοιννῦριου.

298 555 496 591 Kanna.
521 555 572 591 Τα
588 555 747 617 χρήματα.

297 605 519 640 ΚκοᾸΛιιιοΝ.
548 606 604 640 ‘⁵0
623 603 805 644 Ἄπι-ἄστολος
822 602 951 643 Παῢλός
967 608 1057 648 φησι·

287 659 431 695 Κεφάλαιον
445 658 470 686 δε
485 659 524 686 ἐπὶ
538 662 588 691 τοῖς
601 658 746 695 λεγομένοις.

248 703 452 747 “Κεφοὶλαιον
468 700 516 737 οἷει
532 701 567 737 τό
583 702 730 749 μέγιστον
746 701 882 750 λέγεται.

288 757 389 792 ΧΜέγα
402 757 539 794 κεφάλαιον
552 757 664 793 Ιἦθροίσθη
677 760 765 794 μικρῶν
778 758 922 795 κερματίων.

295 807 313 830 y
316 799 431 839 Τίτλος
458 799 593 847 διαφέρει
619 800 798 844 κεφαλαίου.

937 699 999 736 Και
1015 698 1108 740 αὖθις·

851 798 914 836 Καὶ
937 802 951 836 ὁ
977 800 1032 846 μὲν
1057 803 1151 835 Ματ-

247 854 328 890 eiuro,-
353 848 417 896 ἔχει
442 848 566 888 τίτλους
585 848 641 892 ξη’,
657 850 816 894 κεφάλαια
837 849 905 885 τνε’·
932 852 946 885 ὅ
972 849 1004 885 δὲ
1025 850 1152 898 Μάρκος
1164 851 1190 879 Β

247 899 368 939 τίτλους
394 897 460 946 μη’,
488 899 664 943 Ζκεφοὶλαια
693 898 754 936 λς’·
783 901 797 934 ὁ
824 899 856 934 δὲ
882 904 1003 939 Λουκᾶς
1031 898 1153 939 τίτλους

246 948 311 997 κγ’,
328 949 487 995 κεφάλαια
511 948 585 995 τμή·
621 946 672 983 καὶ
697 949 712 983 ὅ
739 949 873 991 Ἰωάννης
892 949 1012 988 τίτλονς
1036 947 1086 991 ιη’,
1103 964 1153 984 κε-

247 1001 372 1045 φάλαια
389 997 478 1040 σλβ’.

297 1048 520 1084 ΚΕΦᾹΛΑιοΝ.
545 1048 642 1082 1Ἐνιοι
659 1052 714 1082 τῶν
734 1046 911 1096 ῥᾳθυμως8
916 1047 1152 1095 ἐντετυχηκότων

246 1103 310 1139 τοῖς
335 1097 414 1133 bz‘mb
430 1102 485 1133 τῶν
508 1097 579 1132 δέκα
603 1095 728 1145 ῥητόρων
747 1101 896 1161 γραφεῖσι
919 1096 1033 1144 λα’γοις,
1050 1113 1083 1132 το
1101 1114 1151 1134 κε-

245 1149 316 1194 φοῖλ
317 1164 378 1184 αιον
389 1147 495 1184 οἴονται
508 1146 740 1208 παρειλῆφθαι’
727 1162 775 1182 επι
791 1148 972 1195 πράγματος
997 1163 1047 1182 και
1061 1146 1152 1195 λόγου

245 1197 340 1245 μόνον·
366 1198 404 1238 ὥς
422 1196 521 1246 σεἰιαρα
537 1195 705 1246 Αισχινῃ’
692 1213 720 1232 εν
736 1200 779 1245 τῷ
800 1213 881 1232 κατα
898 1200 1126 1243 Κτησιφῶντος·

287 1271 326 1297 Aa*
341 1268 432 1297 ἔνδειαν
446 1267 513 1304 ᾱμέν
527 1269 659 1305 χρημάτων
673 1271 694 1296 οἱ
712 1267 772 1300 ξένοι
787 1272 857 1301 εἓτοῖς
877 1270 995 1303 Θηβαίοις
1015 1269 1059 1303 τὴν
1074 1269 1152 1307 ἄκραν

246 1312 271 1338 οὔ
284 1309 429 1347 παρέδοσαν·
451 1310 493 1337 διὰ
510 1308 536 1337 δὲ
556 1309 624 1337 ε’ννέα
643 1310 762 1336 τάλαντα
777 1307 788 1330 f
791 1310 908 1346 ἀργυρίου,
922 1312 1019 1337 πάντων
1031 1312 1152 1347 Ἀρκάδων

246 1348 432 1384 ἐξεληλυθότων,
447 1350 462 1383 ἦ
476 1347 561 1386 πρᾶξις
574 1352 599 1376 οὗ
613 1355 631 1378 g
635 1349 778 1386 γεγένηται.
816 1352 850 1377 Σὺ
865 1349 890 1378 δὲ
904 1353 1025 1382 πλουτεῖς,
1039 1351 1082 1377 καὶ
1095 1354 1152 1383 ταῖς

245 1391 338 1425 ἡδοναῖς
350 1394 407 1422 ταῖς
421 1388 530 1418 ι’ἑαυτοῦ
547 1393 664 1427 χορηγεῖς,
679 1390 723 1417 καὶ
744 1390 772 1417 τὸ
794 1392 939 1428 κεφάλαιον,
955 1388 998 1417 ίτό
1011 1390 1057 1426 μὲν
1070 1392 1150 1425 βασι-

246 1431 311 1459 λικον
324 1431 420 1468 χρυσίον
432 1431 501 1468 παρὰ
515 1432 602 1466 τούτῳ.

246 1491 484 1564 Παρειληπται
488 1491 520 1527 δὲ
542 1507 594 1527 και
620 1491 665 1528 ἐπ’
691 1490 830 1540 ἄργυριου
852 1507 886 1527 το
911 1492 1087 1537 κεφαλαιον·
1114 1492 1152 1532 ὦς

246 1540 287 1577 115
303 1540 484 1589 Αισχίνης’
471 1557 500 1577 εν
515 1545 557 1577 τῶ
574 1557 655 1577 κατα
669 1540 914 1587 ιΚτησιφοῖῐντος·

289 1610 338 1637 Καὶ
352 1609 420 1637 τόκον
433 1621 539 1646 ηνεγκαν
553 1609 701 1645 Δημοσθένει
713 1611 755 1636 τοῦ
769 1607 966 1645 δωροδοκήματος,
981 1608 1091 1646 δραχμὴν
1110 1611 1152 1636 τοῦ

246 1652 318 1687 μηνὸς
331 1651 406 1684 ΙΠΨῆς
417 1653 488 1686 μνᾶς,
503 1649 546 1682 ἕως
558 1650 586 1677 τὸ
599 1650 738 1687 κεφάλαιον
751 1649 884 1677 ἀπέδοσαν.

287 1805 300 1821 1'
313 1797 328 1833 ἢ
342 1798 387 1836 ἦν]
403 1796 433 1827 ῶν
447 1807 505 1827 om.
520 1798 670 1827 A.B.V.E.
699 1797 725 1826 οὗ
739 1797 851 1827 Zenob.
868 1797 917 1826 ubi
930 1798 999 1831 κλέος
1012 1796 1115 1834 ἔχοντος.

287 1845 299 1861 S
313 1840 467 1876 δυσωνῦμων]
485 1840 619 1875 δυσωνύμου
633 1838 781 1867 A.B.V.E.

289 1883 476 1908 ΚΕΦΑΛΑΙΑ.
469 1891 476 1897 ·
499 1881 540 1907 Τὰ
552 1879 688 1917 χρήματα]
706 1879 903 1907 Artemidorus
918 1878 967 1907 lib.
982 1879 1007 1907 1.
1021 1880 1067 1908 18.
1098 1880 1150 1908 Καὶ

245 1922 295 1959 γὰρ
309 1922 344 1948 τὰ
357 1920 479 1958 χρήματα
492 1922 625 1956 κεφάλαια
638 1923 767 1948 καλεῖται.
789 1919 833 1948 Ad
845 1919 921 1948 hunc
935 1919 1029 1948 locum
1046 1919 1148 1948 Suidas

247 1961 378 2000 respexit.
398 1960 516 1989 KUST.

286 2001 502 2034 1ῖὉἈπόσιόλοις
516 2000 615 2033 Παυλὸς
627 2001 704 2039 φησι]
721 2000 765 2029 Ad
781 1999 1006 2029 Hebr.V111.1.
1030 2000 1213 2047 KUST.E

287 2047 304 2063 ¹¹
320 2043 465 2080 Κεφάλαιον
485 2042 526 2070 ἀει
544 2042 577 2071 το.
594 2041 714 2079 μέγιστον
737 2041 854 2078 λέγεται]
881 2041 953 2069 Haec
978 2046 1045 2069 sunt
1067 2042 1150 2070 verba

246 2081 455 2121 Theophylacti
480 2082 516 2111 ad
540 2081 627 2110 modo
651 2080 805 2110 indicatum
833 2081 927 2110 locum
952 2081 1090 2120 Epistolae
1114 2081 1149 2110 ad

247 2123 403 2151 Hebraeos:
427 2132 548 2161 quorum
563 2132 661 2151 sensus
675 2128 708 2150 ut
721 2121 824 2151 clarius
839 2127 943 2160 pateat,
959 2122 1040 2160 plura
1055 2121 1100 2151 hic
1115 2132 1150 2151 ex

247 2168 472 2192 commentatore
486 2162 536 2191 illo
555 2162 722 2192 describam.
757 2164 900 2200 Κεφάλαιον
920 2163 961 2191 ἀεὶ
981 2163 1010 2190 τδ
1031 2162 1150 2199 μέγιστον

247 2204 360 2240 λέγεται.
382 2203 442 2232 ὅταν
455 2205 504 2241 γάρ
518 2215 556 2236 τις
570 2206 596 2232 ἓν
609 2205 684 2253 ὀλίγῳ
698 2205 733 2231 τὰ
746 2204 876 2240 κυριώτερα
888 2204 1046 2240 1ιάροιλοιβειν
1058 2203 1149 2240 μέλλῃ,

247 2247 273 2272 ἐν
282 2244 413 2282 κεφαλαίῳ
423 2250 487 2281 φησι
497 2245 620 2271 ποιεῖσθαι
633 2255 675 2271 τον
685 2243 765 2280 λόγον.
787 2242 865 2280 ὥσπερ
878 2244 921 2271 καὶ
934 2243 950 2277 ἡ
963 2243 1063 2281 κεφαλὴ
1073 2245 1150 2280 μικρὰ

247 2282 310 2312 οὖσα
323 2284 351 2311 τὸ
365 2284 499 2320 κυριώτερόν
513 2286 568 2311 ἔστι
583 2287 625 2311 τοῦ
638 2285 762 2318 σῶματος.
795 2284 871 2317 Φησιν
889 2281 927 2311 οὖν
940 2284 983 2311 καὶ
999 2295 1038 2310 νυν
1051 2285 1075 2334 aa
1074 2284 1150 2311 Από-

247 2329 342 2357 στολος,
358 2324 502 2361 Κεφάλαιον
515 2323 541 2351 δὲ
555 2324 594 2351 ἔτι
614 2334 663 2356 τοις
677 2322 819 2359 λεγομένοις·
841 2323 981 2356 τουτέστιν,
996 2324 1037 2351 ἵνα
1050 2335 1107 2351 ειπω
1121 2335 1150 2351 το

248 2364 367 2401 μέγιστον
380 2363 424 2391 καὶ
438 2365 642 2401 συνεκτικέντερον.
676 2362 755 2391 Hinc
769 2367 856 2401 patet,
871 2362 934 2401 quis
948 2362 984 2391 sit
997 2362 1054 2391 loci
1067 2362 1150 2400 hujus

246 2413 354 2433 sensus.
376 2403 494 2431 KUST.

289 2451 305 2466 Σ
319 2444 397 2481 Μέγα
417 2444 569 2481 κεφαλαιον]
587 2442 653 2471 Vid.
669 2452 694 2471 v.
710 2446 844 2475 Σκοτιαΐος,
858 2449 888 2471 et
907 2443 1034 2471 Gronov.
1056 2443 1147 2471 Muti-

247 2486 296 2514 lat.
310 2495 340 2524 p.
353 2484 399 2512 28.
413 2483 533 2512 TOUP.
565 2483 683 2520 μετὸν.
704 2483 776 2511 Mox
790 2484 830 2511 διὰ
843 2486 931 2521 μικρῶν
945 2483 980 2511 Ε.
1002 2492 1068 2511 cum
1083 2483 1148 2512 edd.

248 2531 314 2555 vett.
329 2526 370 2554 διὰ
382 2533 440 2552 οιιι.
455 2524 488 2552 A.
491 2524 527 2552 B.
529 2523 565 2552 V.

287 2572 305 2595 y
317 2567 405 2600 Τίτλος
422 2564 531 2602 διαφέρει
545 2564 619 2602 κεφ.]
637 2564 768 2595 Quatuor
779 2563 964 2602 Evangelia'
957 2574 987 2592 ιιι
1007 2565 1102 2592 titulos
1119 2571 1149 2592 et

247 2607 387 2644 κεφάλαια,
402 2604 421 2633 i.
436 2614 463 2633 e.
479 2606 611 2642 capitula,
625 2604 693 2633 olim
708 2603 796 2632 divisa
809 2603 895 2632 fuisse
908 2609 1031 2633 constat.
1062 2606 1149 2633 Tituli

246 2652 328 2676 erant
342 2646 482 2674 sectiones
496 2647 616 2684 majores
623 2658 632 2680 3
656 2645 778 2682 capitula
789 2654 862 2678 vero,
875 2644 1015 2673 minores:
1039 2645 1075 2673 de
1086 2644 1148 2683 qui-

248 2688 301 2716 bus
315 2691 418 2726 praeter
431 2685 502 2714 alios
515 2685 578 2714 vide
592 2684 709 2714 Croium
726 2685 757 2714 in
770 2685 919 2714 Observat.
934 2685 970 2714 ad
984 2685 1060 2714 Nov.
1075 2686 1148 2714 Tes-

247 2733 316 2756 tam.
338 2727 456 2755 KUST.
499 2726 599 2764 Usque
613 2726 650 2755 ad
662 2727 760 2764 Μάρκος
773 2735 830 2754 om.
840 2726 876 2754 V.
913 2725 977 2754 Vid.
994 2725 1146 2755 Wetstein.

246 2767 330 2797 Prole
437 2776 465 2795 o.

289 2814 304 2829 2
316 2775 465 2846 {pognia
463 2807 519 2844 λς’]
537 2806 647 2835 Locum
668 2806 744 2835 hunc
764 2805 858 2835 Suidae
879 2806 985 2835 mendo
1006 2806 1145 2840 laborare,

245 2850 306 2887 jam
320 2855 387 2876 ante
400 2847 448 2876 viri
464 2846 540 2876 docti
559 2853 635 2876 recte
649 2847 841 2876 observarunt.
874 2847 980 2875 Verum
995 2847 1070 2876 enim
1086 2856 1148 2876 esse

249 2898 307 2917 non
322 2893 424 2926 potest,
438 2888 570 2916 Marcum
589 2887 684 2926 plures
703 2886 835 2916 habuisse
851 2887 950 2915 titulos
969 2897 1053 2926 quam
1069 2887 1147 2926 capi-

248 2928 317 2962 tula,
333 2927 468 2966 quoniam
482 2928 511 2956 in
526 2927 640 2966 reliquis
653 2927 842 2967 Evangelistis
861 2937 994 2956 numerus
1007 2927 1146 2967 capitulo-

249 2979 311 2997 rum
326 2968 411 3008 longe
424 2967 534 2997 excedit
547 2978 698 2997 numerum
713 2967 870 2997 titulorum.
895 2967 991 2998 Quare
1002 2979 1067 2997 cum
1078 2969 1147 2996 Am-

250 3008 374 3042 monius,
389 3009 436 3047 qni
447 3008 601 3047 Evangelia
610 3008 638 3037 in
650 3008 795 3047 pericopas
808 3014 839 3037 et
851 3008 945 3047 capita
958 3008 1060 3042 divisit,
1069 3009 1149 3037 Mar-

249 3059 284 3079 co
305 3049 430 3088 capitula
444 3049 625 3078 CCXXXV.
644 3048 757 3083 tribuat,
780 3059 930 3078 numerum
953 3049 1029 3078 hunc
1055 3048 1147 3077 Suidae

249 3090 465 3123 restituendum,
487 3096 517 3118 et
538 3090 587 3118 σλέ
607 3099 658 3128 pro
686 3091 728 3121 λς’
749 3089 930 3118 scribendum
954 3099 1017 3118 esse
1039 3095 1147 3118 certum

249 3136 301 3160 est.
322 3131 439 3159 KUST.
454 3130 551 3165 Idem
564 3130 650 3159 habet
664 3129 765 3158 Suidas
780 3129 852 3158 infra
867 3139 909 3158 vv
924 3132 1031 3168 Μάρκος,
1043 3131 1139 3162 'rh-mg.

289 3177 305 3193 8
318 3166 552 3207 ἐντεἰίιχηκότοιιν]ι
540 3167 751 3206 συν-τετυχηκότων
764 3170 799 3199 Ε.

289 3209 306 3233 b
320 3211 376 3247 ὑπὸ]
392 3212 432 3239 ἐπὶ
443 3211 516 3240 ..edd
535 3217 601 3240 ante
618 3211 736 3239 Kuster.
758 3210 806 3249 qui
827 3210 916 3240 edidit
937 3217 1050 3240 secutus
1068 3209 1147 3239 Porti

250 3250 487 3280 emendationem.

290 3297 304 3313 c
317 3293 386 3329 παρὰ
407 3293 512 3330 Αἰσχίνῃ
535 3295 561 3320 ἐν
583 3295 618 3328 τῳ
640 3294 711 3320 κατὰ
735 3293 922 3331 Κτησιφῶντος]
943 3292 976 3320 Ρ.
992 3291 1042 3325 88,
1056 3292 1082 3320 8.
1101 3290 1146 3319 ed.

249 3331 367 3421 ὃῐεῗΡμιέων
379 3369 429 3408 οὖν]
445 3370 483 3400 οὖν
497 3381 553 3401 om.
568 3372 601 3400 A.
605 3373 638 3400 B.
640 3372 678 3400 V.

292 3417 306 3433 e
318 3414 368 3443 τοῖς
381 3412 498 3446 Θηβαίοις
510 3421 568 3440 om.
583 3413 616 3440 A.
639 3424 688 3444 τοις
702 3421 759 3440 orn.
774 3412 885 3440 B.V.E.
912 3430 915 3433 -

1159 3170 1314 3209 HReines.
1331 3170 1384 3207 Ep.
1400 3170 1436 3197 ad
1457 3169 1559 3198 Hofm.
1575 3179 1603 3207 p.
1612 3170 1639 3198 8.

1202 501 1293 550 λόγου
1320 500 1372 538 καὶ
1398 501 1546 550 ἀργυρίου.
1597 502 1700 544 Ουτως
1727 505 1878 552 Αἳσχίνης
1903 507 1931 542 ἔν
1957 513 1998 556 τῷ
2024 512 2103 547 κατα

1203 555 1431 597 Κτησιφῶντος,
1449 550 1500 587 καὶ
1517 553 1769 600 “Δημοσθε’νης’
1756 570 1785 590 εν
1799 559 1840 603 τῷ
1856 571 1929 603 προς
1944 558 2085 603 Ἄφοβον.

1253 600 1465 636 KEQAAAmI:
1494 601 1592 651 Αδρῶ.
1644 606 1894 652 0Ἀριστοφάνης·

1315 659 1371 687 Ἵνα
1384 672 1420 695 μη
1434 661 1566 697 κεφαλαίῳ
1581 673 1621 688 τον
1634 661 1755 700 κρόταφόν
1769 675 1813 690 σου
1825 663 1918 700 ῥήματι

1324 700 1441 729 Ρθένων“
1430 702 1469 727 υπ’
1483 701 1559 737 ὀργῆς,
1574 702 1649 738 ἐκχέῃ
1663 703 1704 729 τὶν
1717 703 1838 741 Τήλεφον.

1204 746 1282 783 Ἀντι
1298 764 1351 783 του
1367 748 1454 797 ἁδρῶ.
1507 746 1570 783 Και
1587 748 1639 783 (ἱέν
1656 750 1827 795 Νεφελαις·

1302 808 1377 835 1Ὀὐδ’
1389 806 1446 844 [αν]
1460 806 1563 835 ἑλέσθαι
1575 808 1702 835 δειπνουντ“
1713 807 1768 842 ἐξην
1775 812 1912 847 κεφάλαιον
1921 822 1964 845 της
1973 813 2106 849 ῥαφανῖδος

1304 848 1350 876 οὐδ’
1370 847 1429 884 [αν]
1447 846 1532 882 ἄνηθον
1545 850 1593 875 τῶν
1607 849 1775 885 πρεσβυτέρων
1788 851 1911 886 ἁρπάζειν.

1204 893 1414 940 Κεφάλαιόν’
1401 910 1468 930 εστι
1486 910 1521 930 το
1538 910 1610 943 προς
1635 894 1676 930 τὰ
1695 894 1806 940 φυλλα
1828 897 1988 936 καυλῶδες.
2039 899 2105 934 Οὔκ

1203 943 1324 991 15ἔτεμον
1342 944 1374 980 δὲ
1389 944 1471 980 κατὰ
1486 949 1582 991 μῆκος
1599 944 1637 984 ὥς
1659 948 1714 986 νῦν,
1732 946 1817 981 ἀλλὰ
1834 945 1914 981 κατὰ
1930 946 2036 983 κύκλον
2052 949 2105 992 τὴν

1205 996 1337 1043 ραφανι
1340 994 1387 1029 δα

1253 1043 1520 1080 KzuAAiazon·
1548 1043 1770 1106 ιιΣυντόρι.ησον,
1789 1046 1954 1093 συνάγαγε.

1252 1094 1416 1130 ΚιιιιιΑΛιίε
1444 1094 1541 1156 Παρα
1565 1110 1599 1129 το
1625 1098 1828 1155 κεκυφῶσθαιζ
1852 1110 1939 1156 ηγουν
1968 1097 2105 1142 Χκεκαῖρι-

1201 1146 1286 1189 φθαι.
1322 1142 1386 1179 Και
1403 1144 1431 1180 οἶ
1446 1142 1541 1192 ιάτροι
1557 1142 1613 1179 Ῡτο
1632 1149 1778 1190 σκαφεῖον
1790 1142 1863 1179 adro
1875 1149 2014 1180 καλουσι.
2042 1144 2106 1181 Και

1203 1194 1402 1256 Ιπποκροὶτης
1424 1194 1456 1230 δὲ
1476 1194 1617 1238 κύβητον.
1669 1193 1842 1234 Μακεδόνες
1867 1194 1898 1230 δὲ
1923 1194 2044 1238 Ζκεβην·
2071 1211 2105 1230 το

1164 1242 1273 1286 Οβ”
1254 1259 1320 1278 αντι
1337 1260 1389 1279 του
1406 1242 1443 1289 φ’
1460 1245 1681 1292 λαμβάνοντες,
1699 1244 1738 1284 ὧς
1759 1243 1807 1279 ἔπι
1824 1243 1996 1293 Φερενικης,
2014 1249 2104 1293 Βερε-

1202 1292 1293 1336 νίκης.

1253 1343 1485 1378 ΚΕΦΑΛΗΘΕΝε
1512 1346 1619 1390 Δημος
1637 1342 1888 1390 Ἆκαμαντίδος“
1872 1360 1891 1387 η
1909 1346 2055 1389 Κεφαλῆ.

1252 1391 1431 1436 ΚΕΦΑΛιὶΝ,
1437 1396 1616 1439 Κεφαλῆνος
1626 1392 1771 1429 κλίνεται.
1790 1392 1854 1429 Καὶ
1861 1393 2100 1438 ΚΕΦΑΛΛΗΝίΑ,

1201 1440 1295 1490 χώρα.

1252 1491 1443 1535 Karnion,
1466 1491 1485 1536 ἢ
1511 1492 1688 1535 ΚΕΦᾸΛΩΝ,
1715 1491 1898 1541 8Γεργίθιος,
1919 1493 2025 1541 ῥήτωρ,
2052 1492 2105 1529 καὶ

1202 1540 1361 1589 ἶστορικός,
1391 1544 1519 1589 γεγονὼς
1553 1541 1601 1577 ἐπὶ
1630 1542 1787 1590 Ἀδριανοῦ.
1837 1544 1962 1589 ’Έφυγε
1992 1543 2024 1578 δὲ
2052 1543 2105 1587 τὴν

1200 1590 1335 1638 πατρίδα
1360 1590 1396 1626 δι’
1413 1591 1575 1638 ἀπέχθειαν
1591 1591 1747 1632 δυναστῶν,
1765 1590 1816 1626 καὶ
1838 1590 1990 1632 ι’ἑὸἰίινσεν
2007 1592 2035 1627 ἔν
2050 1596 2106 1627 Σι-

1200 1639 1300 1687 κελίᾳ.
1345 1641 1489 1688 1Ἔγραψε
1505 1639 1696 1680 παντοδαπὰς
1714 1639 1847 1689 ἱστορίας
1866 1640 1894 1676 ἔν
1912 1640 2052 1684 βιβλίοις
2070 1641 2104 1685 θ’,

1242 1799 1254 1822 f
1265 1800 1387 1838 ἀργυρίου]
1402 1803 1504 1839 ἀργύρου
1519 1800 1556 1830 V.

1242 1847 1259 1870 g*
1272 1841 1419 1878 γεγένηται]
1435 1842 1537 1878 γένηται
1547 1842 1583 1870 V.

1240 1879 1258 1902 ¹²
1272 1882 1390 1918 σεαυτοῦ]
1407 1884 1494 1910 ἑαυτοῦ
1505 1883 1540 1911 A.
1543 1883 1578 1910 B.
1581 1882 1617 1910 V.

1240 1927 1249 1942 ¹
1263 1922 1291 1950 τδ
1310 1921 1356 1958 μὲν
1369 1923 1501 1957 βασιλικον
1516 1922 1613 1960 χρυσίον
1629 1924 1698 1975 παρὰ
1712 1924 1802 1961 τούτῳ]
1820 1923 1901 1953 Adde
1915 1934 1948 1953 ex
1963 1924 2103 1954 AEschine

1199 1961 1233 1990 ad
1241 1962 1447 2024 complendam
1463 1962 1643 1996 sententiam,
1654 1966 1675 1990 οἱ
1676 1963 1714 1991 δὲ
1726 1964 1820 1992 κίνδυνοι
1835 1968 1891 2003 παρ’
1903 1967 1967 2002 υμῖν.
1983 1966 2102 1994 KUST.

1241 2000 1283 2030 ko
1297 2003 1454 2039 Δι’σχίνης]
1442 2015 1454 2030 ο
1468 2013 1526 2031 om.
1539 2004 1573 2031 A.

1241 2041 1251 2065 l
1264 2047 1337 2077 Κτησ
1338 2044 1451 2082 ιφωντος]
1468 2044 1499 2072 Ρ.
1512 2044 1561 2077 68,
1577 2043 1622 2072 26.
1638 2043 1682 2072 ed.
1699 2044 1798 2083 Steph.

1242 2089 1267 2105 ¹¹¹
1282 2048 1367 2120 της]ιφ
1358 2085 1406 2116 τὰς
1421 2084 1454 2112 Α.
1457 2084 1492 2112 Ε.
1507 2084 1570 2113 edd.
1586 2090 1653 2113 ante
1667 2084 1783 2113 Kuster.

1241 2124 1426 2161 ΚΕΦΑΛΑΙΑ]
1451 2126 1595 2163 Κεφάλαιον
1612 2125 1647 2153 Β.
1649 2125 1685 2152 V.
1708 2124 1836 2158 Photinus,
1859 2131 1888 2154 et
1910 2125 1950 2154 sic
1974 2126 2101 2164 postulat

1199 2163 1343 2193 literarum
1358 2164 1437 2192 ordo.

1241 2210 1258 2226 ¹¹
1273 2204 1440 2241 Δημοσθένης]
1460 2205 1511 2243 Pp.
1525 2205 1592 2242 815.
1607 2206 1673 2242 834.
1695 2208 1720 2234 ἐν
1734 2211 1771 2242 τῷ
1783 2215 1841 2234 orn.
1855 2206 1898 2234 M.

1241 2251 1256 2266 ⁰
1270 2245 1461 2282 Ἀριστοφάνης]
1479 2245 1632 2283 Ran.877.

1242 2291 1258 2314 Ρ
1273 2285 1354 2321 θένων]
1371 2286 1450 2313 θείνων
1464 2286 1535 2314 ΒΕ.
1551 2286 1615 2314 edd.
1626 2291 1693 2314 aute
1708 2286 1825 2314 Kuster.
1848 2287 1932 2315 θαίνων
1940 2287 1975 2315 Α.
1997 2287 2054 2315 θέων
2063 2287 2099 2316 V.

1242 2331 1258 2353 (Ι
1272 2328 1297 2352 ἐν
1310 2325 1453 2363 Νεφέλαις]
1470 2326 1535 2354 Ver.
1548 2334 1618 2363 977.

1241 2371 1254 2386 Ι·
1267 2367 1325 2393 Οὐδ’
1338 2364 1370 2392 ἄν
1384 2366 1500 2402 ἑλέσθαι]
1517 2368 1562 2394 οὐδ’
1577 2365 1677 2394 ἔδεσθαι
1690 2366 1835 2395 A.B.V.E.
1858 2368 1904 2394 οὔδ’
1919 2366 2021 2395 &neom
2035 2367 2098 2396 edd.

1162 2407 1266 2435 Fvett.
1290 2405 1370 2433 Vers.
1385 2414 1443 2443 seq.
1458 2405 1491 2433 ἂν
1504 2415 1562 2434 om.
1577 2406 1725 2435 A.B.V.E.
1739 2406 1804 2435 edd.
1819 2411 1888 2435 vett.

1241 2451 1252 2467 S
1267 2443 1398 2482 ετεμον]”
1383 2458 1480 2482 ετεμνον
1496 2446 1530 2474 Α.
1552 2445 1634 2482 ἕτιμον
1644 2447 1680 2475 Ε.

1240 2486 1404 2523 ῐραφανῖδα]
1421 2486 1538 2514 Addunt
1552 2495 1619 2514 mss.
1634 2491 1665 2514 et
1682 2485 1746 2515 edd.
1762 2492 1827 2514 ante
1842 2486 1999 2515 Kusterum
2013 2490 2099 2525 ῥαψα-

1199 2526 1240 2559 ὼ
1232 2524 1436 2602 figamur]
1454 2565 1598 2603 συντόμισον
1611 2565 1740 2594 Photius.
1765 2565 1830 2595 Vid.
1845 2572 1906 2595 not.
1922 2567 1957 2595 ad
1973 2567 2098 2605 Hesych.

1228 2614 1255 2631 x
1270 2610 1429 2648 κεκάμφθαι]
1447 2609 1493 2638 Sic
1515 2615 1591 2639 recte
1609 2610 1696 2639 habet
1714 2619 1765 2638 ms.
1780 2609 1867 2639 Paris.
1883 2611 1917 2639 A.
1940 2610 2019 2648 cujus
2036 2611 2100 2640 loco

1199 2649 1228 2678 in
1241 2649 1354 2688 reliquis
1369 2659 1435 2678 mss.
1450 2655 1480 2679 et
1490 2649 1520 2678 in
1529 2649 1668 2689 prioribus
1679 2649 1761 2680 editt.
1773 2651 1847 2680 male
1858 2651 1961 2690 legitur
1971 2653 2098 2681 κεκαύθαι.

1198 2690 1316 2719 KUST.
1348 2693 1468 2719 κεκαῖὶθαι
1483 2691 1519 2719 Ε.
1540 2693 1667 2730 κεκᾶφθαι
1679 2691 1714 2719 Α.

1238 2742 1254 2765 y
1268 2737 1296 2764 τὸ
1310 2736 1442 2774 σκαφεῖον]
1459 2736 1487 2764 τὸ
1501 2745 1559 2764 om.
1574 2736 1610 2764 Β.
1640 2736 1667 2764 τὸ
1682 2738 1789 2774 σκάφιον
1800 2737 1834 2764 A.
1858 2758 1958 2765 ......
1973 2738 2002 2765 τὸ
2016 2737 2052 2766 Ε.

1238 2786 1252 2802 2
1265 2780 1351 2817 κέβην]
1369 2779 1466 2809 Scribe
1479 2780 1579 2815 κέβλην,
1595 2780 1670 2818 quod
1690 2790 1741 2819 per
1763 2791 1907 2820 syncopen
1929 2782 2035 2811 factum
2057 2787 2099 2811 est

1197 2831 1230 2849 ex
1244 2821 1363 2855 κεβαλὴν,
1379 2826 1411 2849 ut
1425 2826 1544 2849 testatur
1558 2820 1756 2860 Etymologus.
1779 2822 1896 2851 KUST.

1239 2869 1449 2894 ΚΕΦΑΛΗΘΕΝ
1459 2877 1464 2893 :
1489 2867 1570 2902 Δῆμος
1583 2864 1691 2902 Ἀκαμ]
1708 2865 1752 2894 Ex
1769 2866 1937 2905 Harpocrat.
1958 2868 2076 2896 KUST.

1239 2925 1415 2962 ΚΕΦΑΛΗΝ]
1433 2909 1553 2963 Κεφαληςν
1566 2925 1601 2954 Ε.
1624 2925 1672 2954 ubi
1688 2935 1751 2954 mox
1766 2927 1913 2964 Κεφαλίδος.

1239 2968 1453 3003 ΚΕΦΑΛΙΩΝ,ἢ
1470 2973 1642 3002 ΚΕΦΑΛΟΝ,
1660 2970 1795 3008 Γεργῆθιος]
1813 2970 1891 2999 Male
1913 2970 1958 2999 hic
1980 2970 2094 2999 Suidam

1199 3009 1428 3048 Cephalaeonem,
1449 3009 1496 3047 qui
1521 3010 1574 3038 sub
1598 3009 1723 3038 Adriano
1745 3009 1822 3042 vixit,
1845 3020 1910 3039 cum
1933 3010 2094 3049 Cephal'one

1199 3049 1356 3088 Gergithio‚
1372 3049 1463 3077 multo
1477 3049 1643 3087 antiquiore,
1657 3049 1838 3083 confundere,
1853 3050 1963 3078 monuit
1977 3050 2094 3078 Vossius

1199 3090 1235 3119 de
1248 3089 1359 3118 Hister.
1375 3090 1425 3117 Gr.
1440 3089 1489 3118 lib.
1504 3090 1545 3118 11.
1561 3099 1586 3118 c.
1606 3100 1615 3118 1
1625 3099 1650 3118 2.
1672 3099 1755 3127 quem
1770 3089 1841 3118 vide.
1863 3090 1980 3118 KUST.
2015 3090 2094 3130 Lege

1198 3131 1292 3159 Leon.
1307 3129 1391 3158 Anat.
1407 3130 1442 3158 de
1458 3130 1534 3158 Patr.
1551 3130 1670 3158 Homer.
1685 3140 1710 3158 c.
1727 3139 1751 3158 1.
1771 3130 1886 3157 KUST.
1919 3129 1948 3157 in
1963 3130 2093 3160 Addend.

1671 3170 1732 3197 Jos.
1758 3169 1881 3207 Scaliger
1903 3175 1963 3198 n'ot.
1985 3170 2020 3199 ad
2042 3171 2093 3200 Gr.

1199 3210 1306 3238 Euseb.
1332 3219 1360 3247 p.
1377 3218 1412 3245 4¹
1418 3218 1447 3246 5
1467 3210 1616 3238 HEMST.
1658 3209 1818 3246 Ἀθηνογένους
1846 3210 1985 3261 Κεψαλίων,
2014 3214 2094 3250 cujus

1198 3249 1306 3279 mentio
1328 3249 1360 3277 fit
1379 3258 1425 3286 ap.
1441 3249 1545 3277 Athen.
1565 3249 1616 3277 IV.
1631 3248 1717 3286 quid?
1746 3250 1801 3277 Est
1825 3250 1947 3287 Διογένους
1967 3250 2093 3291 dialogus

1197 3290 1281 3318 titulo
1297 3290 1434 3326 Κεφαλίων,
1449 3289 1544 3317 Laert.
1553 3289 1603 3317 el.
1614 3296 1640 3325 7.
1657 3288 1789 3317 Sotionis.
1809 3289 1971 3320 REINES.
2006 3295 2092 3330 Κεψα-

1197 3332 1271 3358 λαίων
1285 3329 1367 3357 Phot.
1381 3327 1457 3356 Bibl.
1471 3328 1535 3357 cod.
1551 3329 1598 3357 68.
1627 3329 1781 3358 Athenaeus
1794 3340 1822 3368 p.
1835 3330 1899 3367 164.
1920 3331 2037 3360 TOUP.

1238 3376 1254 3392 8
1268 3369 1403 3407 Γεργῆθιος]
1421 3370 1539 3406 Γεργίθιος
1551 3369 1625 3398 A.V.

1236 3409 1254 3431 b
1267 3409 1380 3445 ἐβίωσεν]
1396 3409 1453 3444 ἐβίω
1467 3409 1502 3438 Ε.
