2508 4048
413 385 520 438 3987

413 474 460 505 τὰς
472 474 599 510 γραμμὰς,
610 471 638 505 ἐξ
652 471 681 500 ὄν
694 474 729 500 τὰ
743 473 844 501 ἐπίπεδα
858 472 991 508 σχήματα,
1006 474 1034 500 ἐκ
1047 471 1072 500 δὲ
1086 475 1133 500 τᾶν
1144 471 1256 500 ἐπιπέδων
1267 473 1303 499 τὰ

414 514 505 550 στερεὰ
518 513 652 548 σχήματα.
667 515 695 541 ἐκ
708 513 734 541 δὲ
748 514 835 540 τούτων
848 514 883 540 τὰ
901 513 1011 546 αἷσθητὰ
1029 514 1149 548 σώματα,
1164 511 1193 539 ἷιν
1207 512 1249 539 καὶ
1268 513 1304 539 τὰ

414 556 529 587 στοιχεῖα
548 550 609 580 εἶναι
630 553 752 589 τέσσαρα.
795 552 842 580 Ita
863 561 977 590 quoque
1000 561 1044 590 ap.
1067 551 1190 590 Diogen.
1205 551 1302 579 Lacrt.

415 591 506 621 VIII.
521 601 569 630 35.
586 592 720 621 nonnulli
733 591 845 621 codices
858 592 974 626 habent,
989 591 1038 620 alii
1052 597 1149 620 autem
1163 591 1304 619 omittunt

415 632 501 660 verba
521 635 549 660 ἐκ
568 632 594 660 δὲ
614 636 662 660 τῶν
677 632 790 660 ἐπιπέδων
813 634 849 660 τὰ
873 634 964 669 στερεὰ
985 632 1119 667 σχήματα.
1163 631 1237 666 Qua!
1259 640 1305 659 res

413 671 497 700 valde
510 672 628 710 adjuvat
642 677 768 700 nostram
783 671 986 709 conjecturam,
998 681 1055 709 qua
1068 670 1218 699 scribimus
1232 691 1239 698 .
1255 691 1262 698 .
1277 674 1305 698 ἐκ

415 712 439 740 δὲ
454 715 502 740 τῢν
515 714 619 750 ἀριθμῶν
632 714 667 740 τὰ
680 715 782 747 σημεῖα,
798 715 825 740 ἐκ
841 711 866 740 δὲ
881 714 969 740 τούτων
982 713 1030 744 τὰς
1042 712 1169 748 γραμμὰς,
1185 709 1213 743 ἐξ
1227 709 1257 738 ὄν
1268 712 1305 738 τὰ

415 752 516 780 ἐπίπεδα
534 752 668 787 σχήματα,
683 755 711 780 ἐκ
729 751 754 780 δὲ
773 755 819 779 τόν
837 751 950 780 ἐπιπέδων
968 753 1003 779 τὰ
1020 753 1110 788 στερεὰ
1123 751 1249 787 σχήματα
1261 751 1305 778 καὶ

414 793 533 827 σώματα.
574 791 652 820 Nam
678 791 850 830 Pythagorae
874 796 1012 830 tetractys
1039 795 1163 828 quatuor
1189 795 1305 819 tantum

414 831 520 869 gradus
538 831 676 866 admittit,
691 836 725 859 ut
740 841 756 860 e
770 831 902 870 Diogene
916 831 1023 864 Laert„
1037 830 1208 869 Porphyrio,
1223 830 1304 858 Jam-

414 870 520 904 blicho,
536 871 627 900 Sexto
642 871 754 910 Empir.
769 871 889 908 aliisque
903 870 1086 899 notissimum
1100 875 1162 904 est;
1186 875 1216 898 et
1231 870 1305 898 Sex-

415 915 463 939 tus
488 911 601 950 Empir.
626 911 691 940 adv.
714 911 809 939 Math.
832 910 888 939 IV.
910 910 974 939 init.
997 920 1026 948 p.
1045 920 1079 938 10
1082 918 1109 947 5.
1134 909 1305 938 nominatim

941 383 1423 425 OBSERVATIONES
1452 383 1710 424 CRITICAE

2133 386 2240 438 3988

2059 494 2066 500 .
2107 474 2244 501 Διπλάσιον

1352 510 1426 539 ἔστω·
1447 515 1488 539 τοῦ
1501 513 1573 545 κύβου
1586 511 1611 540 δὲ
1625 513 1660 548 μὴ
1674 515 1785 549 σφαλῇς.
1814 511 1903 547 Quod
1917 512 2111 550 fragmentum
2126 522 2163 541 ex
2178 512 2242 540 Eu·

1353 550 1455 590 ripidis
1474 551 1598 590 Polyido
1619 561 1679 580 esse
1701 551 1875 586 desumtum,
1895 552 2005 591 primus
2026 552 2099 581 vidit
2120 552 2243 580 Valcke-

1354 601 1415 619 nar.
1430 591 1460 618 in
1475 591 1569 619 Diatr.
1584 591 1687 629 Eurip.
1701 601 1730 630 p.
1747 600 1815 628 203.
1846 591 1921 629 Ejus
1939 592 2117 630 argumentis
2130 601 2167 620 ex
2181 592 2191 619 i
2213 601 2244 620 sa

1353 630 1499 677 repetitis
1513 630 1651 660 disertum
1673 641 1750 660 nunc
1770 631 1938 661 Scholiastoe
1956 632 2155 660 testimonium
2204 631 2243 669 ji-

1354 680 1455 699 cimus.

1393 711 1530 746 Τεταμένον
1543 714 1594 749 φῦς
1607 713 1671 745 εὐθὺ,
1686 709 1730 739 οἵον
1744 711 1818 739 κιόνα.
1859 711 1905 739 Τὸν
1918 713 2019 748 οὖράνιον
2031 711 2108 748 λέγει.
2148 711 2181 739 Τὸ
2194 713 2244 748 γὰρ

1354 750 1454 786 συνεχὲς
1467 751 1510 784 τὴν
1527 753 1655 789 ὑποφορὰν,
1670 752 1698 779 τὸ
1716 751 1849 786 ὑπόζωσμα
1867 754 1909 778 τοῦ
1926 752 2025 787 κόσμου.
2068 750 2132 779 Κατ’
2145 750 2210 787 ἄκρα
2223 752 2243 779 δ’

1354 784 1386 818 αἶ
1400 791 1491 824 διήκων,
1506 793 1633 819 ἐπινοεῖται
1647 791 1661 825 ἦ
1676 790 1748 823 ἄξων.
1778 793 1840 818 Εὖθὺ
1854 791 1889 824 δὲ,
1901 791 1957 818 ἀντὶ
1971 794 2012 818 τοῦ
2025 791 2096 828 ὀρθόν.
2125 790 2191 823 Τινὲς
2205 791 2245 818 τὸν

1354 829 1430 862 ἄξονα
1452 834 1493 858 τοῦ
1513 830 1610 866 κόσμου.
1651 834 1684 858 Οἱ
1703 831 1728 859 δὲ
1747 831 1863 868 κῦλινδρόν
1875 842 1932 858 τινα
1944 831 2012 868 πυρὸς
2025 831 2126 867 αἴθερίου
2140 831 2192 866 περὶ
2206 831 2246 858 τὸν

1355 869 1431 902 ἄξονα
1444 869 1515 906 ’όν-ια]
1532 869 1606 905 Quae
1620 870 1718 899 eadem
1735 870 1797 899 fere
1811 875 1927 899 exstant
1941 880 1986 909 ap.
2002 870 2087 898 Phot.
2124 870 2246 898 Utrum-

1355 919 1411 947 que
1426 910 1467 938 ita
1481 910 1680 948 corrigendum
1694 915 1783 949 puto:
1799 911 1931 946 τεταμένον
1944 913 2003 948 φῢς,
2015 913 2072 938 κατ’
2084 909 2148 947 ἄκρα
2161 912 2180 938 δ’
2192 911 2246 938 εὐθὺ

1352 474 1435 506 εἴπεῖν,
1456 472 1546 509 Μικρόν
1568 475 1593 508 γ·
1615 470 1703 504 ἐλέξας
1725 473 1857 506 βασιλικοῦ
1881 473 1953 507 σηκὸν
1976 474 2058 510 τάφου

415 950 501 980 dicit:
523 952 587 979 ὅστε
601 954 625 979 ἐν
638 955 674 987 τῷ·
687 953 799 987 τετάρτῳ
812 952 905 987 ἀριθμκξῖ-Ι
918 951 958 978 τὸν
968 954 1010 978 τοῦ
1024 952 1137 986 σώματος
1150 951 1305 986 περιέχεσθαι
1319 964 1344 991 B
1355 952 1430 983 διῆκον
1460 948 1552 986 (Nam
1573 950 1634 979 haec
1647 951 1734 979 verba
1751 950 1855 978 deinde
1870 949 1974 978 suidas
1988 949 2173 989 expositurus
2187 949 2245 978 ait:
2262 972 2269 989 ,ί

414 991 492 1028 λόγον.
535 990 623 1041 Quod
643 996 740 1019 autem
761 990 868 1018 dicitur
883 989 928 1026 (in
947 995 1046 1018 nostro
1067 989 1166 1018 Suidae
1179 989 1257 1027 loco)
1272 991 1308 1017 τὰ
1357 993 1415 1017 κατ’
1437 989 1502 1026 ἄκρα
1522 991 1542 1018 δ’
1563 992 1617 1018 εὐθὺ
1639 992 1723 1024 διῆκον,
1745 993 1874 1018 ἐπινοεῖται
1896 991 1907 1017 ὅ
1931 988 2019 1028 ἄξων),
2041 991 2068 1018 τὸ
2091 989 2146 1026 (ita
2169 994 2247 1018 recte

414 1033 505 1068 στερεὰ.
526 1043 651 1066 σχηματα
669 1031 711 1059 καὶ
732 1031 851 1066 σώματα,
866 1030 908 1058 ita
928 1029 1150 1068 intelligendum
1164 1035 1218 1063 est,
1233 1033 1308 1065 σῶμα

414 1080 476 1099 esse
500 1071 595 1108 στερεὸν
616 1072 706 1107 σχῆμα
730 1069 879 1109 expletum
902 1074 989 1107 atque
1012 1069 1185 1108 respondere
1207 1070 1308 1104 ἐπιπέδῳ

413 1112 498 1148 χωρίῳ.

456 1150 521 1179 Hac
535 1149 602 1179 data
613 1149 761 1179 occasione
776 1147 955 1178 committere
969 1159 1028 1178 non
1042 1159 1168 1187 possum,
1183 1149 1255 1186 quin
1269 1148 1306 1176 si-

414 1190 513 1218 milem
526 1190 696 1219 Aristotelis
709 1190 805 1218 locum
819 1189 979 1223 emendem,
991 1189 1041 1226 qui
1055 1188 1075 1216 l.
1087 1189 1129 1216 11.
1145 1188 1233 1226 Phys.
1245 1198 1269 1216 c.
1282 1197 1307 1216 2.

415 1229 502 1258 dicit:
525 1231 670 1267 Θεωρητέον,
684 1231 731 1258 τι’νι
745 1229 852 1266 διαφέρει
865 1231 876 1256 ὅ
894 1229 1066 1264 μαθηματικὸς
1078 1232 1119 1255 τοῦ
1132 1231 1243 1265 φυσικοῦ.
1265 1228 1308 1255 καὶ

413 1272 462 1307 γὰρ
483 1271 584 1298 ἐπίπεδα
603 1271 646 1297 καὶ
666 1271 756 1306 στερεὰ
774 1267 826 1303 ἔχει
844 1270 879 1295 τὰ
897 1270 994 1305 φυσικὰ
1007 1269 1118 1303 σῶματα
1131 1269 1174 1295 καὶ
1187 1268 1251 1303 μῆκη
1265 1268 1308 1295 καὶ

415 1310 535 1346 στίγμας,
550 1310 601 1346 περὶ
615 1308 644 1337 ὄν
658 1311 766 1336 σκοπεῖό
779 1308 958 1343 μαθηματικός.
1000 1307 1122 1346 Repone
1135 1308 1178 1335 καὶ
1191 1309 1239 1344 γὰρ
1254 1308 1307 1335 ἐπί-

414 1351 477 1377 πεδα
495 1350 538 1377 καὶ
556 1350 647 1386 στερεὰ
667 1348 792 1384 σχήματα
813 1346 864 1383 ἔχει
885 1349 921 1375 τὰ
941 1349 1037 1385 φυσικὰ
1058 1350 1177 1383 σώματα.
1219 1347 1308 1382 Quod
1319 1348 1343 1375 C
1359 1350 1379 1362 “
1393 1347 1458 1375 Vox
1472 1349 1526 1375 εὐθὺ
1540 1356 1609 1375 vero
1623 1356 1676 1386 pro
1689 1347 1752 1384 ὄρθὸν
1765 1346 1784 1374 ἱ.
1799 1356 1824 1375 e.
1839 1351 1980 1375 arrectum
1994 1356 2029 1375 us

411 1389 471 1426 jam
492 1399 508 1417 e
529 1388 717 1426 sequentibus
738 1387 796 1416 illis
816 1387 1011 1421 confirmatur,
1033 1388 1085 1424 περὶ
1106 1389 1194 1415 τούτων
1212 1387 1258 1423 μὲν
1271 1385 1309 1414 οὖν

413 1431 618 1466 πραγματεύεται
631 1429 674 1456 καὶ
687 1428 697 1455 ὅ
711 1428 891 1464 μαθηματικὸς,
903 1430 962 1455 ἀλλ’
976 1430 1019 1463 οὐχ
1032 1426 1049 1465 ᾗ
1062 1431 1189 1465 φυσικοῦ
1204 1429 1307 1463 σῶμα·

414 1481 461 1501 τος
474 1469 564 1505 πέρας
577 1468 689 1496 ἕκαστον.
731 1468 778 1496 De
791 1471 901 1506 φυσικοῖς
915 1467 1003 1504 πέρασι
1025 1467 1115 1505 igitur
1135 1477 1203 1495 eum
1224 1472 1309 1495 antea.

413 1508 568 1546 loquutum
582 1518 643 1537 esse
657 1512 786 1546 apparet,
801 1507 820 1536 i.
835 1516 860 1535 e.
875 1507 911 1535 de
930 1508 1045 1539 ἐπιπέδοις
1064 1508 1108 1535 καὶ
1122 1510 1226 1544 στερεοῖς
1240 1507 1308 1542 σχή-

414 1561 490 1585 μασι.

455 1590 600 1625 Πυθάγορας
613 1590 624 1616 ὃ
638 1589 738 1624 Σάμιος,
751 1587 886 1626 φιλόσοφος
899 1609 906 1615 .
922 1608 929 1614 .
945 1608 952 1614 .
969 1585 993 1619 δς
1013 1590 1172 1624 παρηγγυᾶτο
1189 1590 1238 1619 τοῖς
1256 1599 1309 1622 μα-

415 1628 499 1662 θηταῖς
518 1630 640 1656 ἑκάστοτε
661 1631 746 1656 ταῦτα
768 1628 849 1664 λέγειν
870 1630 903 1660 εἷς
922 1627 964 1655 τὸν
983 1625 1044 1655 οἶκον
1064 1627 1184 1665 εἰσιοῦσι]
1203 1627 1309 1654 Malim

414 1671 555 1696 εἲσανιοῦσι.

455 1708 599 1744 Σαμβύκαι.
616 1706 730 1745 ’Ὀργανα
742 1709 848 1744 μουσικὰ
861 1709 966 1745 τρίγωνα
981 1728 988 1734 .
1005 1728 1011 1735 .
1028 1728 1034 1734 .
1054 1710 1087 1734 Οἱ
1101 1707 1125 1735 δὲ
1140 1706 1310 1744 προσεβοήθουν

415 1749 454 1776 ἐπὶ
468 1750 496 1776 τὸ
511 1750 683 1784 διατείχισμα,
697 1749 739 1775 καὶ
753 1748 807 1783 πρὸς
820 1750 872 1779 τοὺς
885 1748 932 1775 ἀπὸ
947 1750 989 1774 τοῦ
1003 1747 1104 1782 λιμένος,
1120 1749 1168 1774 ἀπὸ
1181 1750 1227 1774 τῶν
1241 1749 1310 1783 ὑπερ-

414 1790 519 1816 ειδόντων
533 1789 572 1816 ἐπὶ
588 1788 616 1816 τὸ
635 1791 715 1823 τεῖχος
732 1789 779 1819 τὰς
796 1787 948 1825 σαμβύκας]
962 1787 1059 1815 Locus
1073 1786 1156 1815 valde
1171 1787 1310 1815 obscurus

414 1828 492 1856 hunc
510 1828 541 1855 in
559 1827 677 1855 modum
690 1827 806 1855 videtur
825 1836 886 1855 esse
905 1826 1120 1855 restituendus:
1144 1829 1165 1854 οἱ
1182 1827 1207 1855 δὲ
1223 1839 1309 1863 προσε-

414 1868 511 1902 βοήθουν
525 1869 563 1895 ἐπὶ
577 1868 605 1895 τὶ
619 1869 782 1903 διατείχισμα
800 1868 841 1894 καὶ
854 1867 908 1904 πρὶς
921 1868 974 1898 τοὺς
987 1867 1035 1894 ἀπὸ
1049 1870 1091 1894 τοῦ
1105 1867 1198 1903 λιμένος
1211 1868 1310 1894 ἐπάνω

415 1908 563 1945 ὕπερεῖδον
570 1919 623 1940 τας
641 1908 680 1935 ἐπὶ
695 1908 723 1935 τὸ
736 1910 816 1942 τεῖχος
828 1909 875 1939 τὰς
889 1907 1025 1942 συμβῦκας.
1068 1906 1160 1944 Cujus
1175 1906 1309 1935 emenda-

414 1947 503 1976 tionis
523 1946 724 1975 confirmandae
745 1956 830 1975 causa.
850 1946 945 1975 locum
966 1945 1089 1975 laudabo
1105 1946 1237 1980 Homeri,
1259 1946 1310 1983 qui

414 1987 512 2016 nescio
532 1997 569 2015 an
590 1987 745 2025 fragmenti
767 1987 830 2024 ejus
853 1986 965 2015 auctori
989 1991 1056 2014 ante
1080 1986 1179 2014 oculos
1201 1986 1308 2014 fuerit:

417 2027 474 2055 Od.
489 2027 546 2055 XI.
562 2034 630 2064 595.
645 2036 686 2064 sq.
701 2026 738 2055 de
753 2026 878 2065 Sisypho
892 2026 1014 2054 dicitur:

536 2065 588 2101 ἠ’τοι
601 2069 613 2094 ὂ
625 2066 671 2102 μὲν
684 2066 866 2103 σκηριπτόμενος
880 2066 963 2102 χέρσιν
977 2077 1005 2093 τε
1018 2066 1087 2093 ποσίν
1101 2078 1139 2099 τε,

537 2110 603 2134 λᾶαν
616 2105 664 2134 ἅνω
679 2105 770 2134 ὤθεσκε
783 2106 838 2133 ποτὶ
852 2105 935 2143 λόφον.

456 2146 556 2180 Σηστός.
579 2145 654 2178 Πόλις
667 2149 691 2174 ἐν
701 2146 808 2181 Ἀβύδῳ]
822 2145 883 2173 Ser.
899 2147 999 2179 Σῆστος.
1020 2145 1096 2179 πόλις,
1113 2147 1214 2174 ἐναντία
1233 2146 1311 2179 Ἀβύ-

417 2188 464 2220 δου,
480 2191 514 2214 ut
529 2185 650 2214 Homer.
666 2185 702 2213 Il.
718 2185 761 2213 ΙΙ.
776 2185 844 2213 616.
854 2184 954 2218 Ἤλιδος
966 2185 1040 2213 ἄντα.

456 2227 575 2263 Σειρῆνας.
597 2227 714 2258 Γνναῒκάς
726 2237 794 2257 τινας
807 2227 921 2262 εὐφώνους
932 2227 1080 2262 γεγενῆσθαι
1093 2227 1165 2261 μῦθος
1175 2226 1227 2262 πρὶν
1237 2227 1312 2259 ἔλλη-

416 2266 494 2304 νικὸς]
510 2265 571 2294 Ser.
585 2267 657 2302 μῦθος
668 2268 733 2293 ποιεῖ
743 2265 872 2299 ἑλληνικός.

456 2306 582 2343 Σκιόθηρα.
603 2303 669 2338 Εἶδος
681 2305 776 2342 πλοίου]
789 2305 869 2343 Lege
879 2302 938 2338 εἶδος
947 2304 1028 2339 ὅπλου,
1038 2309 1072 2332 ut
1083 2304 1169 2337 infra,
1182 2305 1311 2342 Πόρπημα,

418 2344 476 2378 εἶδος
488 2345 568 2373 ὅπλου.

457 2386 542 2419 Σολὴν,
558 2386 663 2420 Σολῆνος.
683 2383 781 2421 Ὄνομα
794 2385 917 2423 ποταμοῦ]
933 2384 995 2413 Alii
1012 2383 1103 2413 Codd.
1118 2388 1148 2412 et
1163 2383 1240 2412 Edd.
1259 2388 1312 2412 Σω-

417 2426 470 2459 λὴν,
485 2427 595 2459 σωλῆνος.
616 2425 644 2452 τὸ
658 2427 810 2461 σωληνάριον.
839 2429 938 2457 Σωλῖνος
951 2425 986 2458 δὲ,
1001 2423 1075 2460 ’ὄνομα
1088 2427 1206 2460 ποταμοῦ.
1237 2423 1312 2459 Quae

418 2464 522 2493 deinde
537 2475 558 2493 s.
570 2475 596 2492 v.
611 2466 693 2498 Σωλὴν
707 2464 744 2493 ad
757 2465 877 2493 verbum
891 2464 987 2493 denuo
1001 2464 1144 2502 adscripta
1157 2463 1312 2492 manifesto

417 2510 486 2533 sunt
499 2504 615 2537 indicio,
630 2504 720 2543 priori
734 2504 785 2532 illo
799 2504 863 2533 loco
876 2504 999 2542 glossam
1015 2513 1076 2533 esse
1091 2503 1252 2532 delendam.

451 2545 559 2581 Στιγμῆ.
570 2545 670 2580 Στιγμῆ
677 2547 733 2572 ἐστι
739 2547 853 2582 γραμμῆς
858 2545 939 2581 πέρας,
945 2545 997 2578 ἥτις
1003 2547 1031 2572 ε’σ
1035 2556 1059 2572 τι
1066 2547 1164 2578 σημεῖον
1168 2545 1311 2579 ἐλάχιστον.

419 2585 517 2622 Κέντρον
526 2585 552 2612 δέ
559 2587 628 2612 ἐστιν
636 2584 700 2620 ἀρχὴ
708 2585 835 2621 γραμμῆς]
845 2584 903 2612 Pro
914 2587 1069 2612 KENTPON
1080 2593 1133 2611 scr.
1143 2587 1311 2611 ΣΗΜΕῙΟΝ.

418 2624 515 2659 Quam
536 2623 766 2652 emendationem
787 2634 883 2653 veram
905 2634 966 2652 esse
988 2633 1072 2652 nemo
1093 2622 1246 2657 dubitabit,
1261 2623 1312 2660 qui

417 2664 572 2702 perlegerit
583 2673 646 2701 quae
661 2663 758 2692 statim
772 2668 943 2701 sequuntur,
956 2665 1038 2696 Μονὰς
1051 2663 1077 2691 δέ
1089 2666 1158 2691 ἐστιν
1168 2663 1232 2699 ἀρχὴ
1243 2664 1312 2699 ἀριθ-

417 2707 471 2739 μοῦ,
487 2706 597 2740 ἑκάτερον
609 2705 658 2740 γὰρ
672 2704 745 2740 ἀρχῆ.
778 2703 845 2732 Jam
860 2713 928 2731 vero
942 2703 1087 2731 neminem
1101 2703 1164 2731 fore
1178 2702 1310 2735 arbitror,

418 2743 489 2781 quin
500 2743 580 2777 sciat,
592 2745 695 2771 Μοναίδα
705 2742 807 2771 eodem
817 2742 904 2771 modo
914 2752 976 2771 esse
987 2743 1064 2780 ἀρχὴν
1074 2744 1183 2779 ἀριθμοῦ,
1195 2751 1253 2779 quo
1264 2755 1311 2776 ση-

418 2786 484 2819 μεῖον
498 2787 542 2810 est
555 2783 619 2819 ἀρχὴ
633 2784 754 2819 γραμμῆς.

460 2825 569 2859 Σφαῖρα.
590 2824 630 2848 Τὰ
644 2823 756 2859 περιφερῆ
770 2822 812 2850 καὶ
826 2823 968 2859 στρογγύλα
983 2842 990 2849 .
1003 2842 1009 2849 .
1023 2843 1031 2850 .
1047 2822 1106 2855 Καὶ,
1121 2821 1260 2858 σφαιρηδὸν,
1271 2823 1312 2848 διὰ

419 2863 462 2896 τῆς
474 2861 597 2898 σφαίρας]
615 2861 711 2899 Lege:
734 2862 776 2888 καὶ
791 2862 930 2899 σφαιρηδὸν,
945 2863 1009 2895 δι’κην
1023 2863 1066 2894 τῆς
1079 2862 1197 2897 σφαίρας.

458 2903 551 2939 Τώφος.
584 2901 634 2928 Καὶ
651 2901 679 2928 τὸ
699 2902 766 2937 παρὰ
784 2905 832 2933 τοῖς
846 2902 930 2933 θόταις
943 2904 1050 2936 σημεῖον,
1064 2901 1106 2928 καὶ
1121 2901 1148 2927 τὸ
1161 2901 1310 2936 περίδειπνον.

414 2940 526 2978 Ὅμηρος·
540 2942 626 2978 Τάφον
634 2940 744 2976 Ἕκτορος
758 2942 904 2976 ἱπποδάμοιο.
934 2943 970 2968 Οὔ
983 2941 1024 2968 τὸν
1037 2940 1141 2976 τύμβον]
1158 2939 1255 2974 Quem
1269 2939 1312 2968 lo-

419 2991 485 3010 cum
499 2990 649 3019 perperam
659 2985 832 3018 acceperunt
843 2980 920 3008 docti
932 2985 1092 3008 vertentes:
1111 2982 1131 2995 “
1140 2979 1210 3007 Non
1221 2978 1312 3015 (enim

420 3023 440 3036 “
454 3023 540 3059 poe'ta
554 3030 604 3058 per
620 3022 698 3057 τάφον
712 3029 746 3048 eo
760 3019 823 3048 loco
837 3019 990 3058 intelligit)
1006 3019 1197 3058 sepulcrum.¹'
1239 3018 1313 3047 Sen-

420 3070 468 3089 sus
487 3059 574 3088 altius
593 3064 637 3088 est
658 3059 842 3098 repetendus.
885 3059 982 3087 Schol.
998 3059 1135 3087 nimirum
1150 3058 1261 3087 Victor.
1276 3058 1314 3086 ad

422 3099 457 3127 Il.
473 3099 592 3128 XXIV.
609 3100 675 3135 804.
692 3100 808 3133 Ἀττικοὶ,
821 3099 902 3133 dicit,
913 3100 941 3127 τὸ
955 3101 1098 3136 περίδειπνον
1111 3100 1192 3135 τάφον
1206 3098 1312 3134 λέγουσι.

423 3141 536 3171 Πολύϊδος
557 3139 582 3167 δὲ
603 3140 631 3167 τὸ
650 3142 772 3175 μνημεῖον.
814 3138 926 3167 Eadem
950 3138 1094 3167 sententia.
1115 3138 1190 3166 inest
1215 3137 1314 3166 Suidae

422 3178 515 3207 verbis
536 3182 560 3206 οὗ
580 3180 621 3207 τὸν
641 3180 742 3215 τύμβον,
758 3178 777 3206 i.
792 3188 817 3207 e.
837 3181 924 3215 τάφος,
942 3177 1079 3216 (Atticis)
1099 3188 1158 3205 non
1172 3177 1314 3215 significat

421 3224 649 3247 monumentum.
692 3220 827 3247 Ceterum
848 3217 963 3256 Polyidi
978 3218 1068 3250 locus,
1083 3227 1168 3255 quem
1187 3217 1315 3255 respexit

424 3257 533 3286 Scholii
547 3258 609 3294 ejus
623 3263 732 3290 auctor.
741 3263 785 3286 est
800 3258 830 3286 in
846 3257 1048 3286 Eratosthenis
1062 3256 1184 3296 epistola
1198 3256 1235 3285 ad
1244 3257 1314 3285 Pto·
1326 3265 1353 3292 Η
1364 3261 1434 3285 τοῦτο
1449 3278 1456 3284 .
1472 3277 1478 3284 .

423 3296 554 3325 lemaeum
564 3306 670 3335 regem,
681 3307 745 3335 quae
754 3298 789 3326 ab
800 3297 925 3326 Eutocio
934 3297 964 3325 in
974 3297 1136 3325 Comment.
1146 3296 1182 3324 ad
1187 3296 1314 3325 Archim-

423 3336 460 3365 de
479 3336 589 3375 sphaera
605 3341 634 3365 et
649 3336 704 3375 cyl.
717 3337 759 3365 11.
776 3347 802 3365 2.
823 3342 936 3366 servata
953 3337 994 3365 ita
1008 3337 1126 3375 incipit:
1149 3339 1195 3364 τῶν
1209 3338 1317 3372 ἀρχαίων

424 3378 481 3404 τινὰ
499 3377 683 3413 τραγῳδοποιῶν,
696 3377 784 3414 φασιν,
800 3379 946 3413 εἰσαγαγεῖν
964 3378 1005 3404 τὸν
1018 3378 1086 3404 Μίνω
1105 3379 1140 3411 τᾷ
1154 3377 1254 3411 Γλαύκῳ
1267 3388 1315 3403 κα-

423 3417 612 3451 τασκευάζοντα
625 3417 714 3454 τάφον·
734 3416 860 3451 πυθόμενον
871 3417 905 3449 δὲ,
915 3416 951 3444 ὅτι
962 3419 1090 3451 πανταχοῦ
1100 3416 1261 3451 ἑκατόμπεδοι·
1271 3414 1315 3450 εἴη.

1358 1029 1462 1068 Phot.)
1471 1031 1571 1066 οὐράνιον
1584 1030 1661 1066 λέγει.
1676 1031 1703 1058 τὸ
1713 1032 1762 1067 γὰρ
1776 1030 1875 1065 συνεχὲς
1887 1030 1931 1063 τὴν
1944 1031 2063 1068 ὕποφορὰν
2075 1031 2103 1057 τὸ
2117 1029 2248 1065 ὖπόζωσμα

1357 1073 1399 1097 τοῦ
1418 1069 1518 1105 κόσμου.
1560 1072 1624 1097 Κατ’
1639 1069 1704 1106 ἄκρα
1721 1071 1741 1097 δ’
1756 1071 1810 1097 εὐθὺ
1825 1069 1881 1106 (ita
1898 1069 1954 1107 leg.
1969 1079 1986 1098 e
2004 1069 2246 1108 praecedentibus)

1357 1111 1441 1142 διῆκον,
1453 1112 1581 1136 ἐπινοεῖται
1595 1111 1606 1136 ὅ
1620 1107 1693 1142 ἄξων,
1704 1108 1723 1136 i.
1733 1118 1758 1136 e.
1774 1112 1793 1124 ‘¹
1803 1109 1871 1136 Lux
1886 1108 1923 1137 ad
1936 1114 2064 1138 extrema
2077 1114 2156 1137 recta
2168 1113 2248 1137 tran-

1359 1151 1379 1164 “
1393 1148 1477 1176 siens.
1512 1147 1622 1176 Lucem
1636 1147 1781 1176 coelestem
1796 1147 1943 1186 intelligit.
1980 1148 2055 1183 Quae
2069 1154 2166 1177 autem
2180 1158 2248 1177 con-

1358 1190 1378 1203 “
1392 1187 1475 1216 tinus.
1489 1187 1562 1216 serie
1577 1187 1711 1216 deorsum
1728 1189 1842 1224 (versus
1855 1187 1957 1216 mundi
1971 1192 2102 1216 centrum
2115 1188 2135 1215 i.
2150 1197 2176 1216 e.
2191 1193 2250 1216 ter-

1358 1230 1377 1243 “
1391 1229 1465 1264 ram)
1482 1227 1608 1261 vehitur,
1622 1227 1770 1265 cingulum
1789 1231 1834 1256 est
1849 1227 1960 1255 mundi.
2003 1227 2061 1255 His
2073 1237 2142 1255 vero
2156 1227 2251 1256 verbis

1359 1270 1378 1283 “
1391 1270 1448 1295 κατ’
1468 1267 1533 1303 ἄκρα.
1546 1269 1566 1295 δ’
1585 1269 1640 1295 εὐθὺ
1659 1269 1734 1301 διῆκον
1748 1266 1922 1305 intelligitur
1936 1266 1999 1295 axis
2015 1268 2096 1303 (nam
2110 1276 2126 1295 e
2140 1272 2250 1301 centro,

1359 1310 1379 1322 “
1393 1307 1413 1336 i.
1429 1317 1454 1335 e.
1473 1312 1559 1340 terra,
1581 1307 1618 1335 ad
1638 1306 1740 1335 mundi
1755 1311 1913 1335 extremam
1933 1306 2114 1346 superficiem
2127 1306 2250 1345 tendit).

2029 1351 2133 1385 urpata
2146 1347 2217 1375 est.''

1398 1387 1474 1415 Duae
1488 1387 1578 1425 igitur
1589 1391 1657 1415 sunt
1668 1387 1748 1424 φωτὸς
1759 1386 1821 1421 viae,
1834 1386 1924 1415 altera
1934 1387 1970 1415 ab
1981 1386 2032 1414 illo
2042 1388 2199 1422 ὕτοζόσματι
2209 1389 2252 1414 τοῦ

1357 1427 1447 1463 κόσμου
1462 1426 1544 1463 (Lux
1565 1427 1643 1455 enim
1664 1432 1751 1464 atque
1770 1426 1845 1464 ignis
1858 1426 1995 1455 ultimum
2010 1426 2139 1455 obtineat
2153 1426 2251 1455 orbem

1358 1477 1473 1495 necesse
1484 1471 1536 1495 est.
1565 1466 1613 1495 Ita
1628 1466 1815 1495 Parmenides
1830 1469 1850 1482 “
1861 1466 2100 1495 Commentitium
2115 1465 2252 1504 quiddam

1359 1509 1380 1522 “
1393 1516 1505 1535 coronae
1526 1506 1619 1535 simile
1640 1506 1727 1535 efficit
1742 1505 1916 1544 (stephanen
1935 1505 2087 1545 appellat),
2103 1505 2254 1534 continem'

1360 1549 1379 1562 “
1393 1551 1452 1575 tem
1474 1546 1575 1574 ardore
1597 1546 1671 1574 lucis
1685 1546 1794 1578 orbem,
1809 1546 1860 1583 qui
1874 1545 1964 1584 cingit
1979 1545 2111 1574 coelum.''
2140 1545 2252 1579 Cicero,

1359 1586 1399 1614 N.
1410 1586 1448 1614 D.
1464 1586 1489 1614 Ι.
1504 1586 1549 1622 ii.)
1573 1586 1610 1614 ad
1630 1591 1737 1614 terram
1759 1585 1849 1620 ducit,
1864 1585 1955 1614 alters
1968 1586 2004 1614 ab
2023 1585 2078 1614 hoc
2096 1590 2196 1614 centro
2216 1584 2254 1614 ad

1358 1631 1521 1655 extremum
1535 1636 1627 1663 usque
1639 1626 1738 1654 orbem
1757 1630 1835 1654 recta
1848 1625 1952 1654 tendit.
1994 1625 2091 1660 Quam
2106 1624 2254 1664 Empedo-

1359 1666 1411 1695 clis
1431 1666 1605 1695 sententiam
1625 1666 1725 1698 fuisse,
1741 1675 1777 1694 ex
1797 1664 1921 1693 Aristot.
1941 1665 1977 1693 de
1999 1675 2085 1694 sensu
2105 1669 2135 1693 et
2155 1664 2253 1693 sensili

1359 1716 1383 1735 c.
1402 1715 1427 1734 2.
1442 1710 1570 1745 apparet.
1613 1705 1745 1734 Stobaeus
1766 1715 1881 1743 quoque
1894 1705 1952 1740 huc
1965 1705 2035 1733 facit
2053 1704 2154 1743 Eclog.
2170 1704 2253 1743 phys.

1362 1746 1408 1774 26.
1423 1756 1451 1784 p.
1467 1753 1535 1783 530.
1567 1745 1754 1784 Empedoclis
1775 1750 1951 1784 praeceptum
1972 1754 2136 1783 exponens:
2159 1746 2253 1772 ἀνταύ-

1358 1798 1429 1823 γειαν
1442 1784 1504 1814 εἶναι
1517 1789 1560 1813 τοῦ
1576 1786 1628 1822 περὶ
1646 1786 1690 1819 τὴν
1702 1787 1747 1822 γῆν
1764 1785 1933 1823 (respondet
1946 1785 2117 1821 ὑποζῶσματι)
2133 1785 2201 1821 πυρὸς
2213 1785 2254 1812 τὸν

1358 1827 1431 1861 ἥλιον.
1474 1825 1560 1854 Unde
1576 1825 1724 1854 Plutarch.
1740 1824 1776 1854 de
1791 1825 1906 1864 Pythiae
1920 1824 2043 1853 oraculis
2058 1834 2081 1853 c.
2097 1833 2141 1852 ια.
2157 1823 2193 1852 T.
2209 1824 2251 1852 11.

1358 1876 1387 1904 p.
1399 1875 1467 1902 400.
1483 1866 1519 1894 B.
1540 1868 1607 1901 ὑμεῖς
1624 1869 1666 1893 τοῦ
1678 1865 1863 1901 Ἐμπεδοκλέους
1875 1868 2047 1901 καταγελᾶτε,
2063 1866 2200 1902 φάσκοντος
2211 1864 2253 1892 τὸν

1358 1906 1423 1940 ἥλιον
1436 1907 1488 1943 περὶ
1501 1907 1545 1942 γῆν
1558 1907 1698 1933 ἀνακλάσει
1716 1906 1795 1943 φωτὸς
1812 1905 1914 1941 οὖρανίου
1933 1904 2064 1941 γενόμενον,
2078 1903 2120 1932 ita
2132 1903 2252 1932 restitu-

1360 1945 1451 1974 endus
1465 1950 1509 1974 est
1523 1945 1657 1973 sanitati:
1679 1947 1816 1982 φάσκοντος
1832 1945 1873 1972 τὸν
1885 1944 1950 1978 ἥλιον
1963 1945 2104 1972 ἀνακλάσει
2121 1944 2201 1982 φωτδς
2212 1946 2252 1971 οὗ·

1359 1987 1436 2023 ρανίον
1449 1989 1490 2013 τοῦ
1503 1986 1555 2022 περὶ
1568 1987 1614 2022 γῆν
1626 1985 1757 2021 γενόμενον.

1399 2027 1560 2062 Τετράγωνος.
1594 2025 1732 2058 Εὗσταθὴς,
1767 2024 1869 2061 ἑδραῖος]
1908 2023 2019 2052 Praeter
2051 2021 2254 2062 Etymologlca

1359 2065 1505 2104 praecipue
1525 2063 1668 2092 videndus
1686 2068 1731 2092 est
1750 2063 1850 2092 Timae.
1867 2063 1954 2092 Locr-
1976 2062 2013 2092 de
2033 2072 2078 2091 an.
2099 2062 2206 2091 Mundi
2223 2072 2261 2101 p..

1322 2114 1347 2142 Ε
1361 2105 1409 2143 98.
1425 2108 1452 2132 ἐκ
1472 2104 1498 2133 δὲ
1516 2107 1550 2132 τῦ
1569 2106 1711 2141 τετραγῶνω
1729 2105 1862 2140 γεννᾶσθαι
1879 2104 1921 2131 τὸν
1941 2104 2022 2138 κύβον,
2044 2102 2197 2140 ἑδραιότατον
2210 2103 2254 2131 καὶ

1361 2147 1488 2173 σταδιαῖον
1501 2146 1582 2181 πάντῃ
1595 2147 1679 2179 σῢμα.
1709 2143 1796 2172 Unde
1811 2143 1947 2171 Eustath.
1962 2142 2000 2171 ad
2013 2142 2118 2181 odyss.
2133 2141 2252 2171 XXIV.

1361 2195 1389 2223 p.
1405 2185 1422 2213 8
1425 2193 1442 2221 3
1446 2193 1473 2221 3.
1494 2183 1539 2212 ed.
1559 2183 1649 2212 Basil.
1671 2186 1699 2212 ἐκ
1716 2184 1829 2220 περῖγρας
1845 2185 1999 2220 τετράγωνος,
2016 2181 2087 2220 ἤγουν
2103 2181 2154 2215 ἰ’σος
2172 2183 2254 2220 πάσι-μ

1361 2225 1403 2253 καὶ
1417 2225 1520 2262 στερεὸς,
1535 2223 1694 2262 corrigend.
1706 2221 1777 2260 ῆγουν
1789 2222 1840 2255 ἰ’σος
1852 2226 1933 2260 πάντῃ
1946 2223 1988 2250 καὶ
2002 2225 2100 2259 ἑδραῖος.

1401 2266 1561 2302 Τετράγωνος.
1587 2263 1637 2297 Iis,
1653 2273 1718 2301 quae
1732 2272 1819 2301 supra
1831 2262 2005 2295 monuimus,
2019 2263 2081 2291 haec
2094 2261 2255 2300 adjicienda

1362 2309 1447 2333 sunt:
1471 2304 1571 2342 Etym.
1588 2303 1714 2332 Gudian.
1728 2304 1825 2340 τετρὰς,
1841 2304 1909 2339 παρὰ
1929 2303 1957 2330 τδ
1978 2304 2055 2340 ἑδρὰς,
2074 2302 2132 2330 διότι
2151 2301 2254 2339 παρέχει

1362 2347 1387 2373 ἐν
1399 2347 1479 2379 ἑαυτῷ
1492 2346 1527 2371 τὰ
1540 2345 1606 2381 τρία.
1645 2343 1718 2381 Leg.
1734 2344 1832 2380 τετρὰς,
1846 2344 1915 2379 παρὰ
1932 2342 1960 2370 τὸ
1978 2344 2054 2379 ἑδράς.
2074 2341 2090 2376 ἥ
2103 2342 2163 2370 διότι
2175 2341 2254 2379 περιέ-

1361 2397 1401 2420 χει
1419 2387 1444 2412 ἔν
1458 2386 1535 2421 ἑαυτῇ
1555 2385 1591 2411 τὰ
1610 2383 1734 2420 τέσσαρα.
1777 2382 1826 2411 Sic
1841 2381 2032 2420 Theologum.
2047 2381 2208 2410 Arithmet.
2222 2391 2253 2420 p.

1365 2434 1412 2453 20.
1434 2424 1448 2458 ἦ
1468 2424 1584 2461 σφαιρικὴ
1602 2428 1636 2461 τῇ
1652 2424 1751 2460 τετράδι
1766 2422 1940 2460 ἐφαρμόζεται.
1962 2423 2084 2458 σωμάτων
2096 2423 2145 2459 γὰρ
2157 2423 2254 2449 πάντων
2300 2424 2301 2427 ’

1362 2464 1519 2492 τελειότατόν
1529 2475 1558 2491 τε
1571 2464 1614 2491 καὶ
1626 2464 1714 2500 μυρίοις
1726 2463 1852 2501 ὑπερφέρον
1863 2463 1893 2489 τί
1902 2465 1972 2490 ἐστιν
1982 2462 1997 2496 ἦ
2011 2464 2118 2499 σφαῖρα,
2127 2463 2255 2498 τεσσάρων

1362 2504 1459 2542 περιοχή
1478 2515 1516 2536 τις
1535 2500 1605 2531 οὖσα.
1631 2503 1683 2531 cfr.
1706 2502 1788 2531 Sext.
1811 2502 1898 2540 Emp.
1918 2501 1984 2530 adv.
2003 2501 2100 2530 Math.
2117 2500 2175 2530 IV.
2189 2500 2253 2529 init.

1362 2554 1391 2583 p.
1412 2553 1444 2572 10
1449 2552 1475 2580 5.
1505 2542 1588 2571 Idem
1604 2542 1706 2581 Etym.
1722 2541 1799 2570 Gud.
1814 2544 1910 2579 τετρὰς,
1925 2542 1990 2570 olore}
2003 2543 2072 2578 ἑδράς
2084 2553 2122 2573 τιι,Ι
2133 2538 2205 2574 οὖσα,
2219 2541 2256 2568 τὰ

1361 2586 1410 2621 γὰρ
1429 2585 1571 2620 τετράγωνα
1589 2583 1715 2618 σχήματα
1731 2582 1816 2619 ἔδραια
1833 2582 1903 2614 εἰσὶν,
1918 2583 1990 2609 ἀλλὰ
2003 2582 2046 2609 καὶ
2059 2583 2144 2609 πάντα
2157 2582 2192 2609 τὰ
2204 2581 2255 2608 σό-

1361 2635 1437 2660 ματα
1460 2626 1488 2651 ε“κ
1511 2623 1657 2660 τετρακτυὸς
1679 2625 1727 2650 τᾶν
1750 2622 1875 2657 στοιχείων
1895 2622 2059 2649 συνίστανται
2078 2621 2121 2648 καὶ
2139 2621 2254 2657 ἵδρυνται.

1362 2663 1435 2701 Leg.
1449 2666 1477 2691 ἐκ
1494 2664 1618 2699 τεττάρων
1632 2665 1679 2689 τόν
1692 2662 1827 2697 στοιχείων.
1868 2661 1975 2689 Joann.
1991 2660 2144 2698 Philopon.
2158 2659 2196 2688 ad
2210 2658 2254 2687 A-

1362 2703 1457 2731 ristot.
1478 2702 1566 2740 Phys.
1589 2701 1725 2730 auscultt.
1746 2701 1770 2729 1.
1785 2700 1824 2729 A.
1843 2710 1887 2729 ιο.
1907 2703 1939 2728 ‘0
1960 2701 2123 2736 Ἐμπεδοκλῆς
2143 2700 2181 2727 δύο
2201 2700 2256 2731 τοὺς

1361 2743 1464 2779 κόσμους
1479 2739 1539 2770 εἶναι
1557 2742 1666 2775 ὑπέθετο,
1687 2741 1729 2769 τόν
1742 2752 1771 2768 τε
1785 2743 1812 2768 ἐκ
1824 2741 1951 2776 τεσσάρων
1963 2739 2096 2774 στοιχείων,
2111 2739 2151 2767 τὸν
2164 2740 2255 2772 aleh-

1361 2783 1410 2815 τὸν,
1425 2783 1468 2810 καὶ
1485 2782 1526 2809 τὸν
1539 2784 1652 2818 σφαΐρον,
1666 2783 1732 2808 τοῦτ’
1747 2780 1813 2812 ἐστὶ,
1824 2781 1865 2807 τὸν
1878 2779 1965 2813 νοητόν.
1979 2779 2030 2807 ubi
2044 2778 2100 2816 leg.
2113 2780 2125 2806 ὅ
2138 2780 2255 2814 ‘Banb-

1361 2823 1419 2855 κλῆς
1436 2823 1474 2849 δύο
1490 2823 1543 2852 τοὺς
1560 2820 1661 2855 κόσμους
1681 2817 1741 2848 εἶναι
1762 2820 1871 2853 ὑπέθετο,
1893 2818 2006 2856 ἑκάτερόν
2026 2831 2055 2846 τε
2078 2821 2107 2846 ἐκ
2127 2820 2256 2856 *maim

1323 2882 1350 2910 G
1361 2863 1494 2896 στοιχείων.
1537 2860 1584 2888 Ita
1605 2859 1681 2888 enim
1704 2858 1871 2898 Simplicius
1885 2858 1922 2887 ad
1935 2858 2059 2887 Aristot.
2080 2857 2167 2897 Phys.
2184 2857 2210 2886 8.
2225 2867 2245 2897 p

1365 2910 1379 2929 2
1384 2901 1430 2937 58.
1445 2910 1470 2928 a.
1492 2899 1592 2927 ὑπέθετο
1612 2901 1775 2935 Ἐμπεδοκλῆς
1797 2899 1838 2926 τόν
1861 2910 1890 2926 τε
1911 2898 1990 2932 νοητὸν
2011 2899 2054 2926 καὶ
2074 2898 2115 2926 τὸν
2137 2898 2256 2933 αἰσθητὴ

1362 2940 1450 2976 κόσμον
1463 2943 1492 2967 ἐκ
1504 2943 1552 2967 τῶν
1566 2942 1646 2967 αὐτῶν
1659 2940 1784 2975 στοιχείων
1797 2942 1843 2966 τῦν
1856 2940 1983 2975 τεσσάρων
1997 2941 2161 2970 συνεστῧτας.

1402 2981 1548 3016 Τετρακτιῖς.
1583 2981 1616 3006 01
1636 2979 1764 3015 τέσσαρες·
1784 2977 1864 3014 ἤγουν,
1883 2978 1898 3012 ῆ
1915 2979 2012 3014 τετράς.
2053 2980 2087 3004 Oi
2101 2976 2255 3014 Πυθαγόρειοι

1363 3019 1565 3056 πάνταὰριθμόν
1585 3020 1720 3055 τετρακτὺν
1737 3018 1938 3055 προσηγόρευσαν,
1956 3019 1967 3045 ὃ
1985 3017 2011 3045 δὲ
2031 3017 2129 3054 ἀριθμὸς
2140 3021 2254 3052 συμπλη-

1362 3063 1443 3096 ροῦται
1466 3062 1514 3091 τοῖς
1534 3058 1602 3091 δέκα,
1626 3059 1637 3085 o‘
1658 3058 1682 3086 δὲ
1704 3058 1772 3091 δέκα,
1793 3059 1904 3089 σύνθεσις
1926 3061 1974 3084 τῧν
1995 3058 2130 3094 τεσσάρων,
2148 3056 2192 3084 καὶ
2213 3057 2254 3084 διὰ

1363 3103 1432 3126 τοῦτο
1445 3099 1486 3126 τὸν
1499 3099 1597 3135 ἀριθμὸν
1613 3099 1696 3125 πάντα
1717 3099 1852 3134 τετρακτὺν
1871 3096 1967 3133 ἔλεγον]
1992 3096 2072 3124 Huic
2091 3095 2156 3124 1000
2168 3104 2254 3134 argu-

1363 3138 1569 3166 mentationem
1591 3137 1683 3165 inesse
1704 3146 1755 3176 per
1773 3136 1871 3175 plures
1889 3136 1995 3174 gradus
2012 3145 2033 3181 p
2138 3134 2254 3169 butem,

1364 3188 1449 3206 nemo
1463 3177 1548 3206 facile
1562 3177 1686 3215 negabit.
1730 3176 1810 3205 Hinc
1829 3176 1906 3204 enim
1927 3175 1977 3204 ille
1997 3174 2175 3212 ungularum
2193 3174 2254 3203 dic-

1365 3218 1477 3246 tionum
1492 3226 1593 3250 nexus,
1608 3219 1628 3244 ot
1643 3216 1798 3253 Πυθαγόρεια
1813 3236 1819 3243 .
1835 3235 1842 3243 .
1858 3236 1864 3243 .
1878 3217 1889 3243 ὁ
1903 3215 1927 3243 δὲ
1943 3235 1950 3242 .
1965 3235 1972 3242 .
1990 3236 1997 3243 .
2011 3216 2023 3241 ὅ
2037 3214 2062 3242 δὲ
2077 3235 2084 3241 .
2097 3235 2104 3241 .
2117 3235 2123 3241 .
2136 3235 2143 3242 .
2157 3215 2200 3242 καὶ
2212 3215 2254 3242 διὰ

1520 3256 1614 3294 Leges
1634 3255 1732 3294 igitur,
1747 3259 1768 3283 οἱ
1786 3254 1940 3292 Πυθαγόρειοι
1958 3256 2044 3282 πάντα
2057 3254 2155 3291 ἀριθμδν
2166 3265 2254 3291 προση-

1364 3296 1490 3334 γόρευσαν,
1504 3298 1515 3323 o‘
1529 3295 1554 3324 δὲ
1567 3296 1665 3333 ἀριθμὸς
1678 3298 1858 3331 συμπληροῦται
1872 3297 1921 3326 τοῖς
1940 3294 2009 3327 δέκα,
2023 3295 2035 3321 ὅ
2048 3293 2072 3321 δὲ
2086 3294 2155 3327 δέκα,
2169 3295 2255 3322 σύνθε-

1365 3348 1404 3368 σις
1416 3339 1464 3364 τῶν
1477 3337 1612 3372 τεσσάρων,
1627 3336 1669 3362 καὶ
1683 3337 1723 3363 διὰ
1736 3337 1806 3362 τοῦτο
1826 3335 1911 3361 πάντα
1930 3335 2065 3370 τετρακτὺν
2082 3332 2174 3370 ἔλεγον
2195 3332 2214 3360 ἱ.
2228 3342 2254 3361 e.

1366 3375 1461 3404 omnis
1488 3374 1615 3403 numeris
1641 3378 1772 3402 constare
1801 3372 1981 3412 Pythagoraei
2005 3372 2152 3406 dixerunt,
2177 3371 2256 3400 unde

1366 3415 1462 3444 omnis
1489 3418 1627 3443 vocarunt
1654 3422 1814 3442 numerum.
1857 3412 2007 3441 Numerus
2038 3417 2134 3441 autom
2161 3411 2255 3440 omnis
