2508 4048
388 390 491 429 2339
767 371 808 410 A
845 370 886 409 Ο

1708 362 1750 400 A
1786 361 1827 401 Ο
2115 377 2223 414 2340

389 485 438 505 και
456 473 510 512 τῆς
527 467 660 508 Χλιιττης
681 479 780 502 ποινας
805 460 952 521 ἀρκούσας
976 475 1003 494 εν
1019 463 1060 494 τῶ
1085 458 1204 506 παρόντι
1226 458 1308 493 ὃέ-Α
1324 457 1389 493 ιἰὀυ
1404 473 1440 505 γε
1457 455 1559 505 ’χρόνον
1573 454 1793 519 λυμηναμένου
1797 453 1899 490 πολλα
1916 459 1970 489 τῶν
1987 454 2015 488 ἔν
2031 453 2152 495 αὖταῖς,
2170 469 2220 489 και

390 519 484 554 ὃωκεν·
504 517 531 552 ἒν
544 517 574 551 δὲ
590 519 631 563 τῷ
645 514 785 561 μέλλοντι
803 508 977 557 κληρονόμος
994 525 1045 543 του
1062 507 1172 543 αι’ωνιου
1188 505 1276 553 πυρὸς

389 583 470 614 μετα
487 570 536 601 τοῦ
554 569 675 600 Σατανᾶ
689 562 856 621 γενήσεται.

440 612 631 651 ΛοτκιΑΝοΣ
649 611 755 659 ἕτερος,
773 607 900 655 ΥΚόμης
923 612 977 650 τῆς
1003 605 1087 655 ἑῴας,
1105 605 1152 641 ἐπὶ
1171 610 1277 667 Αρκα-

392 664 451 700 ὃιου
471 681 521 699 του
549 661 711 704 βασιλέως.
754 657 838 700 Αυτη
863 657 894 692 δὲ
919 658 938 700 ἡ
961 657 1040 703 ἀρχη
1064 655 1207 698 ἐβούλετο
1230 654 1278 690 τὸν

391 710 633 773 προβεβλημένον
650 708 742 751 αὗτῆς
746 707 920 769 ἐφεστάναι
938 711 1014 740 πᾶσι
1031 710 1093 744 τοῖς
1110 709 1183 748 Ζτῆς
1206 703 1278 753 ἑῴας

393 761 537 809 ἐπαρχίας
554 759 688 800 ι’θῦνουσι,
705 773 755 792 και
774 755 821 792 ἔπι
837 760 897 795 τοῖς
912 754 943 790 οὗ
962 755 1040 789 κατὰ
1056 753 1089 789 τὸ
1108 754 1167 789 δέον
1183 770 1278 801 πρατ-

392 810 521 871 τομένοις
538 808 648 843 ι’θῦνειν.
690 804 787 845 Ουτος
807 805 898 840 τοίνυν
917 810 1017 839 πᾶσαν
1033 804 1158 851 ἄρχικην
1174 803 1279 850 ἀρετην

393 860 434 899 εἰς
458 874 526 898 τους
551 856 730 920 ἀρχομένους
755 853 991 899 ἔπιὸεικνυμενος,
1019 851 1066 888 ε’πὶ
1097 852 1282 901 8δικαιοσύνῃ

392 907 442 944 καὶ
461 906 634 968 σωφροσύνη
651 921 700 940 και
718 910 793 939 πᾶσι
810 908 872 942 τοῖς
894 919 1039 949 αρχοντας
1060 918 1182 948 κοσμειν
1199 902 1283 936 δυνα-

392 973 490 1021 μενοις
506 944 730 999 ὴδιαβόητοςῗ
701 970 766 1016 Αἠν,
782 969 846 989 ουτε
870 967 1026 1005 προσωπων
1046 951 1199 998 ὃιαφοραν,
1217 966 1282 985 ουτε

394 1005 488 1054 ετερόν
513 1022 542 1040 τι
569 1021 647 1040 κατα
672 1007 730 1038 νοῦν
751 1018 833 1049 εχων,
857 1001 934 1044 πλην
954 1005 989 1035 ὣν
1006 1002 1019 1035 6
1044 999 1128 1047 νόμος
1153 999 1283 1046 εὗπηγο-

393 1071 483 1118 ρευεν.
525 1056 624 1089 ’Ώστε
652 1052 759 1099 ἀμέλει
789 1050 839 1086 καὶ
868 1049 916 1085 τὸν
943 1054 995 1085 τοῦ
1024 1049 1179 1091 βασιλέως
1212 1052 1283 1083 θειον

396 1104 537 1152 Εὖχέριον
559 1103 696 1138 αἰτοῦντά
712 1100 761 1136 dra
787 1116 866 1148 παρα
891 1098 925 1134 τὸ
950 1115 1112 1160 προσηκον
1116 1099 1282 1133 ἀποσεισά-

394 1169 491 1200 μενος,
509 1153 539 1192 ἔς
563 1156 698 1187 τοσοῦτον
721 1149 860 1212 ε’κινησεν,
882 1146 959 1183 ὣστε
984 1147 1056 1211 πρὸς
1080 1146 1129 1182 τὸν
1146 1147 1283 1189 βασιλέα

396 1204 562 1244 διαβαλεῖν.
607 1198 696 1236 Επει
726 1199 796 1234 δεε
783 1215 796 1233 ο
826 1197 978 1240 βασιλευς
1004 1213 1096 1232 αιτιον
1117 1212 1194 1231 ειπεν
1212 1200 1281 1231 εἰναι

398 1256 557 1312 Ῥουφῖνον,
583 1248 660 1297 ἅνδρι
690 1264 807 1296 τοιουτω
832 1246 979 1290 τοσαύτην
1008 1247 1101 1293 ἀρχην
1128 1244 1282 1287 δεδωκότα,

397 1299 499 1342 λαβων
514 1298 692 1359 πρόφασιν’
679 1315 692 1333 ο
713 1284 875 1342 Ρουφῒνος,
898 1294 946 1331 τὸν
963 1294 1117 1331 Λουκιανόν
1138 1293 1283 1341 σφαίραις

396 1347 626 1396 μολυβδίναις’
607 1363 733 1409 ηκισατο
751 1362 830 1381 κατα
847 1362 898 1381 του
914 1345 1051 1384 τένοντος.

446 1386 637 1432 ΛοτΚιΑΝοΣ
655 1398 668 1431 6
684 1397 820 1460 μάρτυςε
846 1392 943 1433 Ουτος
969 1394 1002 1429 έκ
1027 1397 1211 1439 Σαμοσατῶν
1230 1396 1285 1435 τῆς

397 1445 538 1495 Συρίαςῗ
521 1463 565 1489 ην,
582 1446 651 1493 ἀνηρ
668 1451 722 1480 τῶν
734 1461 766 1480 ευ
783 1442 949 1506 γεγονότων.
984 1443 1077 1490 Παρα
1094 1443 1125 1477 δὲ
1142 1458 1194 1484 την
1210 1457 1286 1489 πρω-

397 1512 448 1539 την
464 1494 581 1540 ἡλικίαν
597 1494 772 1554 Μακαρῖῳθ
779 1509 834 1529 τινι
851 1508 977 1538 τουνομα
995 1490 1217 1538 συγγενόμενος,
1234 1506 1286 1533 την

396 1546 550 1580 ’Έὸεσσαν
563 1544 696 1586 οἷκουντι,
708 1559 758 1578 και
775 1559 829 1581 τας
849 1557 940 1601 ιερας
945 1540 1077 1583 βίβλους
1095 1539 1285 1587 εξηγουμένῳ,

1325 523 1379 550 της
1403 522 1545 553 συνεχους
1568 503 1621 549 αφ
1646 504 1746 551 ετέρων
1767 504 1810 543 εἷς
1837 502 1924 551 ε’τερα
1948 502 2147 549 μεταθέσεως,
2169 502 2220 538 καὶ

1325 572 1424 602 μεντοι
1451 555 1506 591 καί
1521 562 1632 589 Ιῃτινων
1649 552 1794 601 ανθρώπων
1810 554 2023 613 πονηροτάτων,
2041 551 2067 587 ο“ι
2091 556 2143 587 τοῦ
2169 553 2220 587 ἑλ-

1327 610 1472 652 ληνισμοῦ
1496 603 1754 661 προειστήκεισαν,
1779 602 1966 664 παρατρέψαι
1992 600 2040 636 τὸν
2062 601 2090 636 ἐν
2113 601 2220 641 αὐταῖς

1328 656 1511 698 θελησάντων
1536 668 1606 694 νουν,
1629 667 1679 687 και
1705 651 1780 686 πολυ
1806 649 1839 686 -rb
1868 650 2010 694 κιβδηλον
2040 651 2221 686 ἐνσκευασα-

1328 705 1427 750 μένων,
1451 701 1540 741 αυτὸς
1564 702 1687 740 ἁπάσας
1711 699 1870 742 οἷναλαβων
1896 700 1929 735 ἔκ
1953 704 2007 743 τῆς
2034 699 2221 760 “Ἐβραι”ὃος

1329 751 1418 792 αὐτὸς
1442 750 1675 787 οἔπανενεώσατο
1704 748 1854 796 γλωττης,
1879 750 1912 793 ην
1937 765 1987 784 και
2010 748 2101 792 αὗτην
2118 750 2222 797 Ρήκρι-

1330 801 1464 843 βωκῶς’
1452 817 1481 840 ες
1498 817 1538 835 τα
1554 801 1696 846 μάλιστα
1713 797 1757 842 ην,
1773 798 1855 834 πόνον
1870 803 1910 848 τῇ
1930 797 2116 858 ἔπανορθῶσει
2134 803 2223 834 πλεῖο

1294 850 1318 877 Β
1333 867 1400 886 στον
1418 850 1666 896 εἰσενεγκάμενος.
1702 848 1769 883 ἿΟὖ
1785 865 1844 895 μην
1861 838 1902 888 δὲ,
1919 847 2003 882 ἄλλα
2020 863 2070 882 και
2087 864 2140 891 την
2152 851 2223 883 καθ-

1332 899 1463 947 αρότητα
1479 904 1533 934 τῶν
1550 897 1627 933 θειων
1643 898 1796 944 δογμάτων
1811 898 1902 967 nuptias
1913 912 2006 932 τουτω
2028 912 2076 936 τις
2092 895 2127 931 ἂν
2143 898 2223 943 ι’μοί-

1333 958 1428 984 λιστα
1445 953 1498 984 τῶν
1515 946 1581 983 κατ’
1596 947 1698 982 ἓκεινον
1714 945 1763 982 τὸν
1779 945 1878 993 χρόνον
1891 945 2063 991 ὃγενομένων
2078 945 2122 981 ἐπ’
2139 946 2224 994 ἄκρον

1333 997 1406 1046 εἷῖροι
1440 996 1675 1043 φυλαττομένην.
1721 997 1859 1037 4Ειῖξὲθετο
1888 1010 1947 1042 γαρ
1977 1010 2026 1029 και
2043 994 2225 1059 ἡέπιστολας

1332 1048 1440 1092 ἀμέλει
1465 1047 1684 1093 γενναιοτάτας,
1703 1042 1776 1086 ἐξ
1757 1060 1792 1079 ων
1808 1045 1947 1107 φωράσαι
1964 1059 2012 1083 τις
2035 1059 2072 1078 αν
2089 1042 2121 1079 ευ
2136 1045 2226 1091 μάλα

1331 1096 1480 1144 ῥᾳὸιως,
1463 1112 1496 1139 ην
1514 1097 1527 1130 6
1548 1095 1616 1143 ἀνηρ
1640 1093 1707 1142 περὶ
1728 1099 1782 1129 τῶν
1799 1093 1875 1128 θειων
1893 1092 1982 1136 εσωζε
1996 1108 2123 1139 γνωμην.
2167 1096 2226 1128 *E-

1331 1161 1502 1193 μαρτυρησε
1521 1145 1551 1180 δὲ
1574 1142 1622 1179 ἐπὶ
1639 1145 1830 1190 Μαξιμιανου
1854 1142 1881 1177 ἔν
1898 1141 2084 1189 Νικομηὸεια
2099 1146 2154 1185 τῆς
2171 1145 2226 1177 Βι-

1332 1194 1436 1234 θυνιας.

1382 1244 1529 1279 Ao‘fxloz
1552 1242 1696 1278 {firmos
1723 1241 1923 1282 ΚΛΤιΔῖΝοΣ,
1947 1241 2016 1288 ἀνὴρ
2043 1240 2144 1287 γένους
2171 1241 2227 1286 μὲν

1333 1310 1368 1329 ων
1386 1293 1653 1338 1ἵέἰτιφανεσςι-οἱτου,
1670 1291 1770 1330 αλλως
1787 1290 1818 1325 δε
1836 1289 1968 1351 πονηρὸς
1969 1306 2020 1332 την
2036 1289 2139 1334 φυσιν,
2156 1298 2228 1325 τολ-

1332 1343 1433 1389 μητῆς
1449 1358 1495 1383 τε,
1514 1357 1563 1376 και
1580 1341 1852 1401 μεγαλοπράγμων,
1869 1355 1919 1374 και
1937 1338 1970 1374 τό
1992 1338 2058 1382 ηθος
2082 1338 2227 1380 ποικιλος,

1335 1392 1371 1427 ἐπ
1370 1391 1378 1403 ’
1377 1391 1501 1452 ὀλέθρῳ
1518 1395 1572 1434 τῆς
1596 1389 1740 1437 πατριὸος
1757 1387 1919 1435 συνῶμοσε,
1936 1404 2005 1428 τους
2029 1389 2228 1449 θρασυτάτους

1335 1457 1385 1476 και
1403 1441 1641 1488 τολμηροτάτους
1658 1444 1712 1474 τῶν
1730 1438 1905 1499 εὐπατριδῶν
1922 1437 1965 1476 εἷς
1989 1453 2042 1480 την
2058 1438 2162 1472 ἑαυτου
2178 1453 2229 1472 πι-

1337 1506 1402 1525 στιν
1419 1489 1644 1535 “ἒνὸησάμενος.
1695 1487 1828 1534 Λέγεται
1853 1502 1911 1534 γαρ
1936 1486 2075 1533 ανθρωπον
2100 1485 2230 1521 καταθυ-

1337 1555 1405 1580 σας,
1430 1554 1538 1585 ’γεῦσαι
1564 1554 1615 1573 Τθυ
1641 1534 1769 1583 αἵμαῒθς
1794 1552 1879 1598 Tovf’l
1887 1550 2069 1581 συνωμθτας,
2085 1536 2230 1596 περιάγων

398 1600 455 1628 πᾶν
472 1592 490 1627 6'
501 1609 531 1628 τι
549 1594 713 1627 κάλλιστον
730 1591 850 1651 Ῡέφευρε
875 1606 940 1649 περι
961 1606 1070 1630 τουτον,
1088 1589 1193 1627 ἐκεῖνος
1210 1588 1238 1623 έν
1255 1605 1286 1623 ου
1300 1589 1372 1648 1)ε’ς
1391 1589 1504 1627 πάντας
1513 1602 1579 1650 ,Ιτην
1596 1585 1715 1627 κυλικα,
1732 1585 1831 1632 πλήρη
1848 1600 1920 1619 οινου
1936 1600 1969 1619 τε
1993 1600 2043 1619 και
2060 1583 2231 1632 ἆνθρωπειου

399 1645 501 1689 πολλῷ
527 1641 676 1682 συνέλαβε
702 1638 804 1687 χρόνῳ.
847 1637 910 1673 Και
926 1637 997 1685 πρός
1020 1654 1052 1673 τε
1069 1636 1118 1672 τὸν
1133 1636 1287 1683 μοναυλιον
1336 1653 1473 1683 αιματος,
1498 1651 1557 1671 ειτε
1583 1650 1825 1695 καταγοητευων
1834 1650 1903 1673 τους
1929 1633 2033 1694 ανὸρας
2066 1637 2108 1682 τῷ
2131 1633 2231 1669 τοιῶδε

719 1687 729 1699 ⁸
1338 1686 1419 1734 ὁρκω,
1437 1693 1519 1720 ειτε
1545 1700 1595 1719 και
1618 1683 1688 1732 πρὸς
1713 1689 1771 1718 πᾶν
1786 1682 1933 1729 τόλμημα
1953 1698 2003 1717 και
2020 1688 2122 1717 πᾶσαν
2139 1682 2232 1726 ἔθιζων

401 1691 540 1726 ἀπέκλινε
573 1688 649 1731 βιον,
678 1704 728 1723 και
763 1687 827 1726 ἔεῖς
855 1702 933 1721 απαν
959 1688 1066 1734 ἀρετης
1091 1685 1288 1733 ὴάνθρωπειας

401 1738 526 1802 ἄφίκετο
542 1738 656 1785 μέτρον.
699 1736 828 1784 Προυβη
846 1736 877 1771 δε
894 1751 944 1770 και
964 1735 1005 1774 εἷς
1019 1735 1180 1796 ἱερωσύνην,
1197 1751 1289 1781 πρεσ-
1339 1733 1549 1794 ἀνοσιουργιαν,
1567 1731 1623 1768 άτε
1649 1732 1741 1767 οἷκειω
1767 1748 1817 1767 και
1842 1735 1984 1780 πολιτικῷ
2010 1731 2161 1778 ἐπιχειρῶν
2184 1748 2232 1767 αι-

401 1788 528 1858 βυτερο1ς
559 1787 586 1822 ἓν
615 1785 779 1833 Ἁντιοχεια
812 1783 975 1831 γενόμενος,
1002 1800 1052 1819 και
1086 1784 1290 1819 ὃιὸασκαλειον
1339 1800 1428 1830 ματι,
1445 1799 1495 1818 και
1513 1789 1528 1811 y
1533 1797 1678 1828 μεταγειν
1695 1797 1746 1824 την
1763 1780 1915 1816 πολιτειαν
1928 1781 1971 1820 εἷς
1985 1780 2140 1828 τυραννιὸα
2156 1779 2234 1828 φόνω

401 1837 484 1884 μέγα
501 1836 580 1871 “ἔκεῖ
601 1836 816 1878 συνεστήσατο,
840 1832 1039 1879 ἑκασταχόθεν
1057 1833 1291 1868 σπουδαιοτάτων
1340 1849 1374 1868 τε
1398 1836 1500 1867 πολλῶ
1525 1836 1579 1866 τῶν
1601 1830 1726 1878 ἀρίστων
1751 1846 1801 1865 και
1829 1830 2015 1893 καταπρήσει
2040 1834 2095 1872 τῆς
2120 1829 2234 1869 πόλεως

403 1886 440 1925 ὧς
457 1884 543 1920 αὐτὸν
559 1882 756 1931 οἰλλοιχόθενις
762 1882 975 1929 ἀφικνουμένων
987 1882 1096 1917 αλλων.
1123 1880 1220 1921 Ουτος
1236 1898 1292 1921 τα,-
1341 1897 1561 1928 μηχανωμενος.
1614 1883 1732 1941 Ἐπῇρε
1758 1878 1850 1914 Ζὸἒ”
1829 1894 1886 1926 αρα
1909 1877 1957 1913 τόν
1983 1882 2142 1914 Κατιλῖνον
2169 1879 2234 1918 Βεῖς

405 1935 483 1982 ἱερας
500 1932 633 1976 βίβλους
651 1933 829 1979 θεασάμενος
847 1931 923 1966 πολυ
940 1930 973 1967 ·r6
987 1930 1060 1966 νόθον
1071 1931 1292 1978 εἷσῧεξαμένας,
1342 1931 1455 1969 ταύτας
1480 1946 1535 1969 τας
1552 1927 1677 1968 ἀτόπους
1702 1927 1806 1967 ἔννοιας
1822 1929 1905 1975 βάρη
1921 1943 1956 1963 τε
1982 1928 2176 1974 ὅφλημάτων,
2192 1943 2234 1963 νι-

1305 1998 1330 2024 Ε

446 2113 460 2128 x
475 2106 575 2142 λύττης]
603 2106 739 2142 Περεγρίνου
761 2106 848 2139 λύττης
863 2105 898 2132 V.
921 2104 969 2141 qui
993 2114 1056 2132 mox
1080 2114 1136 2131 om.
1159 2105 1226 2139 μετὰ
1252 2107 1292 2131 τοῦ

405 2149 518 2174 Σατανᾶ.

445 2188 638 2213 ΛΟΎΚΙΑΝΟΣ
653 2184 740 2221 ἕτερος]
758 2184 800 2211 Ex
815 2183 922 2212 Zosimi
940 2183 1017 2211 Hist.
1028 2183 1062 2210 V.
1077 2184 1113 2220 [c.
1127 2184 1167 2219 2.]
1183 2193 1209 2220 p.
1227 2183 1291 2218 781.

406 2225 520 2253 KUST.
555 2224 629 2261 ἔτερος
643 2225 767 2256 Λουκιανὸς
778 2224 812 2251 V.

445 2271 460 2293 y
475 2265 554 2299 Κόμης
567 2265 609 2297 τῆς
627 2265 698 2300 ἑῴας]
718 2263 826 2291 Priores
846 2262 926 2291 editt.
945 2264 987 2299 [et
1000 2263 1122 2298 A.B.E.]
1145 2261 1293 2290 manifesto

406 2314 496 2332 errore
510 2304 614 2331 habent
626 2305 704 2339 κώμης
718 2305 759 2337 τῆς
772 2305 846 2339 ἑῴαςι
870 2302 945 2340 quod
957 2302 1078 2330 Wolfius
1091 2308 1120 2330 et
1135 2303 1236 2330 Portus
1250 2311 1293 2330 se-

406 2354 471 2372 cure
495 2349 644 2376 verterunt,
671 2353 686 2371 e
709 2352 783 2379 pago
807 2343 952 2370 orientali.-
976 2342 1053 2370 nullo
1079 2342 1193 2393 utique„
1200 2351 1292 2370 sensu.

406 2384 485 2412 Luce
502 2384 577 2411 enim
596 2382 696 2411 clarius
714 2389 764 2415 est,
783 2382 959 2411 scribendum
978 2391 1047 2415 esse,
1064 2382 1142 2417 Κόμης
1162 2383 1204 2415 τῆς
1224 2382 1291 2417 ἑῴας,
1307 2383 1331 2410 F

406 2423 424 2451 i.
436 2433 461 2451 e.
476 2423 567 2450 Comes
583 2423 718 2450 Orientis:
740 2428 771 2450 ut
784 2422 951 2450 Pearsonius
971 2431 1082 2467 quoque
1101 2428 1175 2450 recte
1197 2422 1293 2449 obser-

409 2468 526 2490 vaverat.
557 2462 627 2489 Erat
640 2467 733 2489 autem
749 2461 826 2496 Κόμης
841 2463 884 2494 τῆς
896 2463 965 2496 ἑῴας,
980 2461 1046 2494 sive,
1061 2461 1136 2498 quod
1152 2461 1226 2489 idem
1240 2467 1292 2493 est,

407 2502 480 2536 κόμης
493 2513 535 2533 της
547 2503 676 2533 ἀνατολῆς,
692 2500 811 2538 dignitas
825 2500 974 2537 quaedam'
967 2510 995 2528 in
1011 2500 1074 2528 aula
1088 2501 1294 2537 Imperatorum

409 2539 636 2571 CPolitanorum,
650 2541 729 2576 cujus
751 2549 806 2566 non
829 2548 891 2566 raro
913 2539 987 2577 apud
1008 2539 1158 2576 scriptores
1180 2541 1295 2567 Graecos

410 2580 440 2607 fit
460 2578 582 2613 mentio3
607 2585 638 2606 ut
657 2578 700 2606 vel
719 2588 751 2606 ex
772 2578 902 2605 Dufrenii
922 2579 1066 2606 Glossario
1088 2579 1187 2606 Graeeo
1209 2585 1293 2616 patet.

410 2620 540 2647 Ceterum
565 2617 719 2646 versionem
743 2617 820 2645 Porti
843 2617 871 2644 in
898 2617 1034 2655 principio
1055 2623 1164 2645 tantum
1186 2617 1296 2646 articuli

411 2659 492 2697 huJus
507 2657 609 2686 mutavi
631 2663 659 2685 et
679 2655 838 2685 emendavi:
862 2663 954 2685 cetera
974 2667 1037 2685 vero
1058 2657 1163 2685 intacta
1187 2657 1295 2695 reliqui,

412 2698 486 2736 quod
508 2697 599 2735 operis
627 2697 788 2735 urgentibus
812 2705 846 2724 ea
873 2696 951 2724 aliter
974 2703 1079 2725 vertere
1107 2706 1164 2724 non
1191 2696 1295 2725 liceret.

412 2709 529 2766 qKUST.

454 2779 528 2809 Ζτὰς
540 2777 596 2813 της]
614 2778 660 2808 τὰς
673 2786 729 2804 om.
745 2776 850 2804 A.B.E.

454 2818 612 2853 Βὸικαιοσῦνῃ
633 2817 674 2843 καὶ
695 2817 848 2853 σωφροσύνῃ]
871 2818 1016 2849 δικαιοσύνης
1035 2817 1077 2843 καὶ
1098 2818 1247 2854 σωφροσύνης
1261 2817 1297 2844 V.

413 2857 483 2885 Mox
497 2856 604 2893 ἄρχοντα
618 2856 652 2884 Ε.
667 2865 730 2883 cum
746 2855 869 2883 Zosimo.

455 2896 471 2918 b
484 2896 622 2933 διαβόητος]
640 2895 776 2932 περιβόητος
790 2896 822 2923 A.

455 2943 468 2958 θ
481 2935 648 2972 ὑπηγόρευσεν]
664 2935 800 2971 ὑπηγόρευεν
814 2935 920 2963 Α.Β.Ε.
936 2935 1041 2963 Zosim.

454 2974 470 2997 d
482 2987 507 3003 τι
507 2975 600 3025 n:ri-otpbc]
614 2987 638 3003 τι
650 2984 706 3003 οιη.
718 2974 871 3002 B.V.E.M.
896 2975 970 3002 Tum
982 2976 1035 3011 πρὸς
1044 2975 1159 3003 Β.Ε.Μ.
1182 2975 1228 3013 qui
1240 2985 1297 3004 om.

415 3019 438 3049 ἐς
451 3026 570 3043 τοσουτον.

454 3055 667 3083 ΛΟΎΚῙΑΝΟΣὸ
680 3054 771 3091 μαρτ.]
786 3054 890 3082 Totum
906 3054 980 3082 hunc
995 3054 1086 3082 locum
1102 3054 1298 3092 depromptum

415 3104 475 3123 esse
499 3103 532 3122 ex
557 3093 723 3132 Logothetae
747 3093 918 3140 Metaphrasi
943 3093 970 3121 in
999 3094 1160 3132 martyrium
1182 3094 1300 3122 Luciani

416 3133 556 3171 Martyris,
571 3133 675 3161 discere
695 3133 761 3162 licet
778 3142 811 3161 ex
829 3134 890 3171 ipso
905 3133 991 3161 Suida
1004 3133 1074 3161 infra
1089 3144 1112 3161 v.
1128 3135 1237 3166 Νοθεύει,
1253 3133 1298 3162 ubi
1311 3146 1423 3175 Ημενος.
1446 3133 1560 3161 KUST.

417 3183 479 3211 pars
493 3174 573 3211 hujus
588 3173 710 3211 Eclogae,
726 3173 821 3201 addito
836 3173 979 3211 scriptoris
993 3173 1065 3201 illius
1081 3173 1204 3206 nomine,
1220 3183 1300 3212 repe-

418 3212 493 3240 titur.
514 3213 627 3240 KUST.
663 3213 745 3241 Conf.
761 3212 907 3251 Carpzovii
920 3213 990 3241 Crit.
1003 3214 1077 3241 Sacr.
1087 3213 1122 3241 V.
1132 3214 1167 3241 Τ
1178 3223 1226 3252 pp.
1236 3222 1300 3250 125.

420 3260 486 3288 532.
520 3252 649 3279 Bollandi
665 3255 725 3280 Act.
740 3254 834 3281 Sanct.
850 3253 877 3280 d.
894 3261 920 3289 7.
935 3252 1069 3281 Januarii.

457 3297 471 3312 e
485 3291 544 3326 τινι]
562 3292 607 3317 τινὶ
620 3294 722 3326 τοῦνομα
736 3293 844 3321 A.B.V.
878 3293 948 3320 Mox
962 3295 1071 3321 οἰκοῦντα
1085 3293 1120 3320 V.

459 3329 470 3351 f
482 3329 576 3367 ἕφευρε]
592 3328 660 3366 ἔφερε
675 3331 746 3359 A.V.

459 3376 475 3398 g
488 3368 553 3406 πρὸς]
570 3371 602 3400 εἷς
616 3369 723 3397 A.B.V.
749 3370 823 3398 Tum
838 3371 903 3399 ἅπαν
918 3382 974 3399 om.
987 3372 1021 3399 V.

1383 2101 1399 2124 ἶ)
1414 2103 1570 2139 ἀνθρωπείας]
1583 2102 1665 2130 Hanc
1676 2110 1771 2129 vocem
1782 2110 1815 2129 ex
1828 2110 1893 2129 mss.
1907 2100 1993 2128 Paris.
2006 2100 2139 2135 revocavi,
2150 2111 2234 2139 quam

1343 2142 1448 2180 priores
1462 2141 1542 2170 editt.
1562 2142 1604 2178 [et
1617 2142 1665 2177 Ε.]
1683 2150 1741 2168 non
1756 2147 1921 2179 agnoscunt.
1944 2141 2059 2169 KUST.

1385 2181 1393 2204 ί
1384 2182 1501 2243 1εέκεῖσε]
1519 2185 1573 2210 ε’κεῒ
1583 2181 1692 2209 A.B.V.

1384 2221 1591 2258 1(ἀφικνουμένων
1605 2220 1711 2271 αλλων]”
1715 2220 1797 2248 ἄλλων
1810 2221 1985 2258 ἀφικνουμένων
1999 2221 2032 2248 A.

1385 2261 1394 2284 l
1407 2262 1492 2298 τουγε]
1509 2265 1551 2288 τοῦ
1565 2273 1594 2289 τε
1609 2262 1641 2289 A.
1669 2264 1741 2297 τοῧγε
1754 2273 1795 2288 του
1809 2261 1845 2288 V.

1385 2308 1408 2323 m
1424 2302 1504 2338 τινῶν]
1531 2313 1587 2328 τινα
1606 2301 1641 2328 V.
1677 2301 1748 2328 Mox
1771 2301 1961 2337 προειστήκεσαν
1983 2301 2017 2328 Β.
2021 2300 2055 2328 V.
2089 2300 2167 2329 Infra
2193 2302 2236 2329 καὶ

1343 2341 1658 2376 πολιν-ἐνσκευασαμένων
1672 2350 1728 2368 om.
1740 2341 1776 2368 V.

1385 2388 1401 2403 ¹¹
1414 2382 1551 2418 Ἑβραΐῧος]
1569 2383 1647 2412 αὐτὰς
1660 2380 1768 2407 addunt
1782 2380 1891 2407 A.B.V.

1384 2428 1399 2443 ⁰
1413 2421 1605 2456 ἐπανενεωο-ατο]
1622 2419 1667 2448 Sic
1685 2419 1783 2447 melius
1804 2429 1855 2447 ms.
1871 2419 1958 2447 Paris.
1971 2420 2005 2447 A.
2025 2429 2108 2456 quaxn
2129 2420 2236 2458 priores

1345 2461 1423 2490 editt.
1446 2470 1507 2498 quae
1533 2460 1611 2495 [cum
1632 2460 1666 2487 B.
1670 2459 1757 2494 V.E.]
1780 2458 1914 2487 exhibent
1934 2460 2122 2487 ἐπανεσῶσατο.
2159 2460 2236 2489 Infra

1345 2506 1438 2528 autem
1450 2509 1474 2527 v.
1487 2501 1595 2531 Νοθεῦει,
1606 2499 1653 2526 ubi
1667 2498 1745 2526 locus
1757 2497 1800 2526 hic
1813 2498 1954 2536 repetitur,
1962 2498 2089 2536 legitur'
2075 2501 2236 2528 ανενεόσατο.

1345 2540 1460 2568 KUST.
1496 2540 1683 2566 ἐπανανεωσατο
1698 2538 1733 2565 A.

1385 2586 1402 2608 P
1414 2578 1560 2615 ἠκριβωκῶς]
1580 2577 1637 2606 Hic
1652 2576 1732 2615 posui
1746 2587 1810 2605 cum
1826 2578 1858 2605 A.
1896 2578 1988 2616 Vulgo
2007 2584 2072 2616 post
2089 2592 2125 2613 ην.

1345 2619 1410 2646 πόνον
1423 2619 1589 2655 τῇ-γνῶμην
1602 2627 1658 2645 om.
1669 2618 1705 2645 V.

1388 2665 1402 2686 q
1417 2661 1453 2685 Οὒ
1466 2658 1526 2693 μὴν]
1542 2660 1566 2684 οὐ
1579 2657 1647 2692 μόνον
1656 2656 1870 2685 Valckenaerius.
2188 2670 2189 2675 =

1387 2703 1399 2718 ¹·
1413 2698 1553 2733 Μάλιστα]
1571 2697 1618 2725 Sic
1634 2706 1699 2724 mss.
1711 2696 1795 2725 Paris.
1827 2698 1864 2725 At
1878 2697 1984 2735 priores
1997 2697 2077 2726 editt.
2092 2702 2235 2728 κάλλισται

1348 2737 1423 2775 quod
1438 2736 1530 2765 minus
1545 2737 1646 2774 placet.
1670 2737 1783 2765 KUST.

1389 2783 1400 2798 S
1413 2777 1551 2813 γενομένων]
1567 2777 1691 2813 γινομένων
1704 2777 1738 2804 Β.
1742 2777 1776 2804 Ε.

1389 2820 1535 2844 ΛΟΤΚΙΟΣ
1557 2820 1694 2844 ΣΕΡΓΙΟΣ
1716 2820 1910 2849 ΚΑἸῚΛΙΝΟΣ,
1932 2818 2003 2855 ἀνὴρ]
2029 2819 2109 2851 Haec,
2127 2824 2157 2847 et
2177 2829 2238 2857 quoe

1349 2863 1502 2894 sequuntur
1521 2865 1608 2894 usque
1629 2856 1663 2884 ud
1687 2856 1770 2884 finem
1792 2856 1910 2889 articuli,
1932 2864 1998 2885 sunt
2018 2859 2099 2887 verba
2118 2859 2238 2888 Joannis

1349 2895 1527 2928 Antiocheni,
1554 2905 1617 2933 quae
1642 2896 1772 2934 leguntur
1799 2896 1827 2924 in
1850 2896 2034 2926 Collectaneis
2059 2898 2239 2927 Constantini

1350 2935 1477 2973 imperat.
1501 2945 1516 2962 a
1530 2934 1642 2963 Valesio
1666 2935 1756 2968 editis,
1782 2946 1809 2974 p.
1830 2943 1896 2973 797.
1918 2937 1991 2965 unde
2013 2946 2047 2965 ea
2068 2937 2167 2966 Suidas
2187 2938 2237 2967 de-

1350 2974 1468 3013 scripsit.
1490 2975 1604 3003 KUST.
1644 2979 1785 3007 Κατουλΐνος
1799 2976 1831 3003 Ε.

1390 3017 1400 3036 t
1414 3015 1625 3052 ἐπιφανεστάτου]
1643 3015 1838 3052 ἐπιφανέστατος
1851 3016 1884 3043 A.

1391 3061 1406 3076 u
1421 3055 1588 3091 ἐνδησάμενος]
1614 3053 1659 3082 Sic
1680 3060 1754 3082 recte
1776 3064 1826 3083 ms.
1843 3055 1926 3083 Paris.
1943 3056 1975 3083 A.
1990 3063 2019 3083 et
2039 3056 2166 3084 Joannae
2179 3057 2238 3085 An-

1350 3093 1503 3122 tiochenus.
1546 3095 1583 3122 At
1597 3093 1702 3131 priores
1717 3094 1796 3122 editt.
1815 3095 1894 3131 [cum
1910 3095 1981 3123 ΒΝ.
1984 3095 2032 3131 Ε.]
2050 3095 2123 3123 male
2136 3098 2239 3125 ἐνδυσά-

1933 3151 1942 3163 Ι
1954 3151 1967 3163 2

1393 3180 1405 3195 Χ
1421 3172 1678 3209 εἴτε-μηχανώμενος
1691 3182 1747 3200 om.
1757 3174 1792 3200 V.
1835 3173 1904 3201 Mox
1919 3151 1995 3210 τρςνιτῳ
2005 3174 2039 3201 A.

1390 3219 1406 3242 y
1419 3213 1550 3249 μετάγειν]
1568 3212 1668 3240 Addidi
1683 3224 1725 3240 και
1739 3222 1802 3240 cnm
1818 3213 1852 3241 A.
1855 3213 1890 3241 Β.
1919 3226 1961 3241 και
1974 3218 2129 3251 μεταγαγεῖν
2143 3216 2210 3245 Exc.

1392 3259 1405 3274 Ζ
1418 3253 1457 3289 δὲ]
1474 3252 1498 3280 δὲ
1512 3252 1561 3288 ἄρα
1575 3252 1609 3280 A.

1392 3295 1453 3325 θεὶς
1465 3294 1558 3324 ταύτας
1576 3294 1622 3324 τὰς
1635 3292 1736 3324 ἀτόπους
1748 3292 1847 3328 ἐννοίας]
1863 3291 1910 3320 Sic
1925 3293 2023 3321 melius
2037 3304 2087 3322 ms.
2105 3295 2190 3324 Paris.
2204 3297 2239 3325 A.

1351 3338 1380 3360 et
1393 3333 1517 3360 Jounnes
1526 3331 1728 3364 Antiochenus‚
1740 3341 1823 3368 quam
1839 3331 1943 3370 priores
1957 3332 2036 3366 editt,
2050 3344 2111 3372 quae
2123 3335 2237 3370 habent,

1352 3375 1384 3405 εἰς
1397 3374 1491 3404 ταύτας
1504 3373 1550 3404 τὰς
1562 3374 1673 3404 ἀτοτιας.
1697 3371 1810 3399 KUST.
1846 3375 1878 3404 εἷς
1891 3375 1936 3405 τὰς
1951 3376 2064 3406 τοιαυτας
2076 3375 2110 3402 Β.
2114 3375 2147 3403 V.
2151 3375 2184 3403 Ε.
2186 3375 2229 3404 Μ.

2167 2580 2238 2609 Mox
