2508 4048
381 367 487 418 2883
766 364 812 404 Π
849 363 892 404 Α

433 455 646 506 [ΠΑΡίΣτΗΜι
659 470 669 492 t
694 455 738 492 Τό
756 457 916 503 λαμβάνω.
958 455 1133 502 Αἳτιατικῇ.

415 510 467 539 γΩιι
480 513 515 539 τὰ
529 511 574 548 μὲν
586 512 632 546 βίᾳ
644 511 702 548 ᾕρει,
718 512 753 537 τὰ
766 510 791 538 δὲ
804 511 920 546 ὁμολογίᾳ
932 506 1095 546 rapinam]

431 554 564 590 Hspim
577 568 586 589 ε
614 554 759 589 Ἐλθέτω.

432 603 656 639 flammeis:
682 602 984 650 Προπερισπωμένως,
1000 601 1040 636 τὰ
1057 599 1101 639 εἷς
1122 597 1274 646 παρθένους

381 652 510 700 ᾀδόμενα
525 653 616 699 μέλη.
669 653 916 700 θΆριστοφάνης·

626 711 722 738 Κιίκλιοί
734 722 762 738 τε
776 711 858 738 πολλὰ
872 710 914 737 καὶ
927 710 1006 739 καλὰ,

503 751 546 778 καὶ
559 751 696 787 παρθενεῖα,
709 751 752 778 καὶ
767 749 852 778 Ῡκατὰ
865 751 900 776 τὰ
913 749 1050 783 Σιμωνίδου.
1097 774 1101 779 ,

383 802 543 844 Τουτέστι,
560 801 760 849 ἔκακὸτεχνα,
778 799 829 837 καὶ
845 799 977 835 ποικίλα.

1705 362 1751 402 Π
1787 360 1830 402 Α
2109 367 2216 415 2884

1286 459 1310 487 A
1325 450 1377 487 ὖπό
1396 452 1486 488 Κίννα
1503 454 1646 502 λάφυρον,
1663 452 1712 490 ὅτε
1729 454 1913 502 Μιθριδάτην
1931 458 2071 500 Ῥωμαῖοι
2088 470 2213 492 κατεπο-

1323 501 1470 548 λέμησαν·
1499 500 1565 538 εἶτα
1590 503 1697 548 ἠφείθη
1724 504 1773 539 διὰ
1794 504 1848 547 τὴν
1869 502 2037 544 παίδευσιν,
2062 502 2113 539 καὶ
2143 505 2215 546 ἐβίω

1323 550 1415 598 μέχρι
1431 550 1575 600 Τιβερίου
1596 557 1648 588 τοῦ
1674 553 1838 600 Καίσαρος.
1891 554 2060 600 ω“Έγροιί.1ιε
2078 553 2110 588 δὲ
2126 553 2216 589 ”EM-

1324 604 1394 646 γεῖα
1408 599 1451 639 εἷς
1465 600 1648 648 Ἀφροδίτην,
1662 603 1785 649 Ἀρήτης
1798 602 1984 646 Ἑπικήδειον
1996 606 2052 645 τῆς
2067 607 2216 649 γαμετῆς,

1326 649 1450 696 Ἀρήτης
1460 649 1630 696 Ἐγκῶμιον
1641 650 1668 685 ἓν
1680 649 1763 698 τρισὶ
1775 651 1925 693 βιβλίοις·
1944 649 1995 686 καὶ
2008 651 2092 686 ἄλλα
2103 653 2215 687 πολλά.

1375 698 1577 733 ΠΑΡΘέΝιοΣ
1609 702 1696 741 Χῖος,
1730 699 1874 742 ἐποποιὸς,
1907 699 1968 740 υἱός
2000 700 2159 748 Θέστορος·
2185 700 2218 740 ὃς

1327 746 1501 782 ἔπεκαλεῖτο
1526 745 1622 788 Χαός,
1650 748 1785 795 Ὀμήρου
1807 748 1839 783 δὲ
1862 747 1896 791 ἦν
1910 749 2061 796 ἀπόγονος.
2114 749 2219 785 Ἐποί-

1326 811 1398 839 ησεν
1415 795 1458 835 εἷς
1475 796 1614 843 Θέστορα
1629 795 1678 831 τόν
1694 797 1799 832 ἑαυτοῦ
1814 797 1940 845 πατέρα.
1972 796 2089 838 οΟἷα-ος
2106 798 2219 847 ’ἔγραψε

433 850 675 887 ΠΑΡΘέΝΕιοΣε
703 855 743 886 *O
762 852 794 886 ἔκ
817 849 954 896 παρθένου
976 847 1019 882 ’ἔτι
1037 846 1178 890 δοκούσης
1203 843 1276 881 εἶναι
1289 843 1314 871 B
1327 842 1378 880 xa>
1394 843 1460 892 περὶ
1476 845 1749 893 μεταμορφώσεως.

385 900 559 947 11γεννηθείς.
602 899 665 936 Καὶ
683 900 896 935 ΠΑΡΘέΝΕιοΝ
915 896 1034 932 Λέκοε.
1074 895 1276 931 Haesimus

382 950 426 991 δὲ,
444 951 458 985 o‘
475 949 509 985 ἔκ
523 950 661 997 παρθένου
676 948 830 996 γεννηθείς.

434 998 634 1034 Hamaxia:
667 1002 708 1032 *O
742 994 866 1044 καθαρὸς
899 994 977 1038 βίος.
1029 994 1092 1030 Καὶ
1125 993 1278 1029 inspexi-

384 1063 464 1084 ΝιοΝ
483 1048 645 1083 ΠέΛΑΓοΣ.

434 1097 648 1139 ΠΑΡθέΝιοΣ,
678 1094 883 1144 Ἡρακλείδου
912 1093 962 1130 καὶ
996 1092 1142 1140 Εὖδῶρας·
1182 1091 1278 1140 ιςι’Έρ-

383 1162 498 1192 μιππος
515 1147 546 1181 δὲ
563 1147 664 1189 Τῆθας
680 1144 770 1190 φησί·
796 1143 955 1186 1Νικαεὺς,
972 1142 991 1186 ἢ
1009 1141 1194 1190 Μυρλεανὸς,
1213 1142 1277 1177 ἔλε-

383 1194 539 1241 γειοποιδς,
548 1194 599 1230 καὶ
611 1195 723 1242 μέτρων
736 1192 879 1241 διαφόρων
891 1193 1025 1236 ποιητής.
1052 1189 1149 1230 Οὗτος
1162 1191 1278 1236 ε’λήφθη
1292 1227 1315 1255 C

385 1307 487 1334 Peccat
501 1305 578 1334 enim
593 1305 622 1333 in
637 1304 727 1342 legem
742 1311 898 1341 syntaxeos.
934 1304 1029 1334 Quare
1043 1302 1087 1330 vel
1100 1301 1277 1329 scribendum

385 1351 492 1383 putem,
507 1346 574 1381 ἐπῄει
588 1348 637 1376 τοῖς
650 1347 824 1380 ἀποστεροῦσιτ
847 1343 890 1371 vel
904 1344 994 1380 ἀπῄτει
1007 1345 1061 1374 τοὺς
1077 1345 1276 1378 ἀποστεροῦντας,

385 1386 437 1412 &c.
460 1384 576 1411 KUST.
611 1383 753 1410 Neutrum
769 1392 872 1410 verum.
908 1381 1093 1410 Scribendum
1108 1380 1168 1409 sine
1182 1380 1277 1413 dubio,

385 1425 524 1461 παρίστατο
538 1424 580 1451 καὶ
594 1425 767 1451 ἘΠΕΞΗῙΕΙ
781 1426 829 1454 τοῖς
843 1425 1012 1459 ἀποστεροῦσι.
1042 1422 1095 1449 Est
1108 1426 1202 1448 autem
1216 1423 1277 1448 Ἐπ-

385 1463 472 1496 εξιέναι
486 1467 536 1495 τοῖς
548 1466 717 1499 ἀποστεροῦσι,
735 1463 800 1494 Eos,
816 1463 863 1498 qui
876 1463 1026 1499 depositum
1044 1462 1155 1489 reddere
1169 1469 1276 1488 recusa-

387 1505 461 1536 bant,
480 1503 586 1539 judicio
605 1504 706 1535 sistere,
728 1506 754 1530 et
775 1511 834 1530 reos
852 1511 993 1539 peragere.
1035 1502 1094 1529 Dio
1115 1500 1228 1528 Cassius
1247 1501 1277 1528 in

384 1544 403 1571 J
407 1543 471 1576 ulio,
487 1543 599 1571 XLIII.
616 1552 660 1578 13.
677 1543 726 1569 Καὶ
740 1546 846 1580 φανερῶς
863 1546 927 1570 πᾶσι
945 1546 994 1574 τοῖς
1014 1542 1142 1575 λυιιῆσασί
1162 1552 1187 1568 τι
1205 1540 1278 1568 αὐτὸν

384 1586 569 1612 ἘΠΕΞΗΙΕΙ.
593 1583 631 1609 Et
647 1586 741 1618 aperte
761 1583 794 1610 de
815 1583 944 1615 omnibus,
964 1583 1010 1618 qni
1028 1583 1115 1618 ipsum
1142 1581 1276 1612 laesissent,

385 1625 532 1651 vindictam
553 1623 685 1658 exigebat.
727 1625 760 1649 Οἱ
777 1625 962 1659 ἀποστεροῦντες
978 1628 1053 1652 sunt.
1069 1623 1115 1657 qui
1129 1621 1278 1657 depositum

385 1664 498 1691 reddere
518 1666 650 1690 recusant.
693 1662 862 1700 Euphantus
876 1661 951 1699 apud
966 1661 1101 1699 Porphyr.
1117 1660 1152 1688 de
1167 1660 1277 1689 Abstin.

385 1702 434 1731 lib.
451 1704 502 1730 IV.
517 1713 545 1740 p.
561 1710 625 1739 157.
640 1705 692 1729 Τῶν
707 1714 734 1729 τε
754 1701 836 1729 ἄλλων
849 1703 972 1738 ἀνθρώπων
985 1702 1039 1729 οὔτε
1059 1701 1194 1729 ἀπέκτεινά
1212 1712 1277 1733 τινα,

385 1743 439 1771 οὔτε
468 1746 770 1771 ΠΑΡΑΚΑΤΑΘΗΚΗΝ
795 1745 1034 1769 ἈΠΕΣΤΕΡΗΣΑ.
1074 1742 1120 1769 Ita
1144 1740 1278 1779 legendus

385 1782 439 1811 iste
453 1783 541 1811 locus.
570 1783 703 1810 Ceterum
719 1781 863 1814 nonnulla,
877 1791 939 1819 quae
954 1782 1008 1809 huc
1023 1780 1137 1813 faciunt,
1148 1780 1279 1819 leguntur

386 1833 402 1851 a
423 1823 459 1850 ud
476 1821 607 1851 Photium
629 1821 657 1849 in
680 1821 826 1860 Excerptis
843 1820 996 1854 Damamii,
1013 1831 1041 1859 p.
1056 1830 1140 1857 1032.
1161 1820 1278 1848 TOUP.

385 1866 397 1890 ε’
413 1863 466 1897 ἦτει
480 1863 587 1890 Α.Β.Ε.
615 1863 668 1893 τοὺς
682 1864 874 1898 ἀποστεροῦντας
888 1860 1048 1897 conjecerat
1062 1862 1173 1889 Portus.

426 1902 631 1938 ΠΑΡΙΣΤΗΜΙ]
649 1901 737 1929 Deest
751 1902 790 1939 gl.
803 1901 837 1929 V.
874 1901 971 1929 Habet
985 1903 1020 1929 A.
1036 1902 1064 1928 in
1080 1910 1167 1938 marg.
1193 1899 1278 1928 Conf.

385 1942 555 1980 WVesseling.
579 1941 719 1970 Herodot.
741 1941 798 1969 111.
814 1948 862 1977 45.
890 1941 1002 1979 Taylor.
1023 1941 1058 1969 ad
1080 1940 1232 1968 Demosth.
1253 1949 1278 1968 c.

385 1983 507 2020 Aristog.
523 1993 550 2020 p.
568 1989 635 2018 597,
651 1981 702 2009 ult.

427 2029 440 2044 ὓ
454 2022 641 2059 Ἀριστοφάνης]
660 2022 708 2049 AV.
723 2030 791 2057 920.

427 2061 439 2084 s
450 2064 519 2091 κατὰ
532 2062 581 2098 τὰ]
596 2064 630 2089 τὰ
644 2071 700 2089 om.
714 2061 831 2088 V.E.M.

427 2109 444 2131 g
459 2102 618 2137 Κακότεχνα]
644 2100 740 2129 Scribe
763 2102 921 2136 κατάτεχνα,
946 2106 977 2128 ut
1000 2100 1086 2128 habet
1108 2099 1201 2128 Schol.
1219 2098 1280 2127 Ari-

386 2143 479 2179 stoph.
493 2142 543 2169 Av.
559 2141 577 2168 l.
593 2151 618 2169 c.
641 2141 757 2169 KUST.

427 2181 657 2217 ΠΑΡΘΕΝΕΙΟΣ]
684 2179 800 2208 Rectius
821 2179 905 2218 paulo
926 2185 992 2217 post
1007 2180 1137 2216 παρθένιος,
1158 2188 1208 2217 per
1226 2191 1234 2206 ι
1251 2177 1280 2206 in

386 2221 491 2259 syllaba
518 2220 682 2259 penultima.
724 2219 880 2248 Scholiasta
905 2219 1025 2247 Homeri
1051 2219 1086 2247 ad
1108 2219 1142 2247 ΙΙ.
1160 2220 1190 2247 δ’.
1210 2227 1280 2256 499.

386 2262 524 2299 Παρθένιος,
546 2262 557 2288 o‘
582 2263 610 2288 ἐκ
633 2260 746 2297 παρθένου
769 2258 807 2287 ἔτι
833 2259 981 2296 νομιζομένης
1006 2260 1135 2296 γενόμενος.
1166 2259 1281 2287 KUST.

386 2298 527 2338 HapOe‘ueioc
546 2301 580 2328 Β.
616 2297 742 2338 Παρθένίος
762 2300 796 2328 Ε.
821 2299 851 2327 in
875 2309 931 2337 quo
955 2309 1012 2327 om.
1037 2299 1165 2336 Παρθένιος
1186 2298 1211 2327 δὲ
1226 2304 1281 2327 etc.

387 2343 515 2379 Παρθένιος
529 2340 656 2369 Photius.

429 2381 443 2403 h
458 2381 587 2418 γεννηθεὶς]
605 2384 710 2417 γενναῖος
722 2380 756 2408 Α.
771 2379 864 2408 Photii
880 2389 932 2408 ms.
946 2379 1015 2408 Lex.
1032 2379 1095 2418 Seg.

427 2421 436 2443 i
451 2421 688 2457 nAPeENEION]
707 2421 834 2457 Παρθένιον
848 2420 955 2448 A.B.V.

428 2464 636 2492 ΠΑΡΘΕΝῙΟΣ,
657 2461 778 2497 Ἧροικλ.]
803 2460 849 2488 De
870 2470 903 2488 eo
918 2459 981 2487 vide
995 2459 1129 2487 Vossium
1151 2458 1179 2487 in
1198 2468 1282 2496 opere

389 2501 424 2529 de
448 2499 556 2528 Histor.
572 2501 662 2527 Graec.
684 2506 714 2528 et
734 2500 769 2528 de
790 2501 870 2528 Poet.
885 2501 976 2528 Graec.
997 2499 1121 2537 itemque
1140 2499 1281 2527 Thomam

389 2540 520 2572 Galeam,
536 2549 612 2567 nunc
625 2541 770 2576 μακαρίτην,
785 2539 813 2567 in
829 2539 1033 2567 Dissertatione
1047 2539 1082 2567 de
1096 2538 1283 2577 Scriptoribus

389 2578 600 2618 Mythologicis.
622 2589 646 2607 c.
663 2580 690 2607 8.
726 2580 868 2612 Ceterum,
893 2585 993 2617 praeter
1014 2579 1189 2612 Parthenios,
1211 2588 1282 2615 quo-

390 2630 452 2648 rum
472 2618 571 2647 Suidas
591 2619 636 2647 hic
657 2619 795 2652 meminit,
817 2618 870 2647 fuit
889 2619 973 2647 etiam
992 2619 1158 2647 Parthenius
1172 2618 1281 2646 Phoca-

389 2659 473 2693 eusis,
488 2658 566 2695 cujus
589 2658 695 2687 mentio
717 2665 808 2687 exstat
828 2659 904 2697 apud
919 2659 1093 2697 Stephanum
1109 2668 1132 2687 v.
1147 2658 1239 2690 Γέτθοι,
1254 2663 1284 2686 et

391 2710 414 2727 v.
430 2700 558 2727 Δεκέντιοι.
589 2700 623 2727 In
639 2700 713 2727 hunc
728 2699 818 2727 habeo
832 2699 1013 2737 Epigramma
1026 2697 1131 2736 Erycii,
1146 2697 1283 2731 nondum,

391 2739 466 2777 quod
481 2739 577 2771 sciam,
592 2739 709 2772 editum,
723 2739 798 2777 quod
814 2749 877 2768 cum
893 2739 997 2767 lectore
1010 2738 1134 2775 φιλολόγῳ
1148 2737 1192 2766 hic
1206 2747 1283 2765 com-

392 2778 552 2807 municabo.
587 2780 690 2815 Ἐρνκίου
703 2782 735 2811 εἷς
750 2781 878 2816 Παρθένιον
887 2779 1002 2810 Φωκαέα,
1018 2781 1050 2810 εἷς
1058 2777 1163 2815 Ὅμηρον
1176 2778 1284 2815 παροινή-

391 2831 484 2847 σαντα.
529 2821 557 2845 Εἰ
574 2820 616 2846 καὶ
630 2819 672 2846 ὑπὸ
685 2819 751 2854 χθονὶ
764 2822 854 2851 κεῖται,
867 2818 929 2854 ὅμως
942 2817 980 2846 ἔτι
993 2818 1036 2846 καὶ
1049 2820 1118 2845 κατὰ
1131 2819 1226 2846 πίσσαν
1238 2821 1284 2845 Τοῦ

390 2862 574 2896 μιαρογλὼσσου
601 2860 694 2894 χεῦατε
719 2860 857 2895 Παρθενίου,
886 2859 981 2886 oscum
1006 2859 1156 2894 Πιερίδεσσιν
1183 2857 1283 2893 ἐνήμεσε

391 2900 465 2936 μυρία
477 2902 545 2926 κεῖνα
558 2898 709 2934 Φλέγματα,
726 2899 769 2926 καὶ
786 2902 900 2935 μυσαρῶν
913 2899 1034 2931 ἀπλυσίην
1047 2898 1144 2933 ἑλέ-γων.
1181 2895 1285 2925 Ἠλασε

391 2940 434 2967 καὶ
455 2939 540 2973 μανίης
560 2939 598 2966 ἐπὶ
617 2939 644 2971 δὴ
663 2938 742 2971 τόσον,
761 2938 819 2966 ὅστ’
838 2941 969 2975 ἀγορεῦσαι
984 2938 1064 2971 Πηλὸν
1077 2938 1229 2972 Ὀδυσσείην,
1243 2938 1285 2964 καὶ

391 2980 468 3014 βάτον
488 2980 595 3006 Ἰλιάδα.
637 2980 726 3015 Τοιγὰρ
747 2980 912 3016 ὕποζοφίαισιν
931 2979 1058 3013 Ἐριννιίσιν
1077 2978 1189 3013 ἀμμέσον
1209 2975 1286 3011 ἧπται

392 3022 512 3051 Κωκυτοῦ,
533 3022 604 3054 κλοιᾷ
624 3019 711 3054 λαιμὸν
731 3018 911 3054 ἀπαγχόμενος.
946 3018 988 3046 Ex
1009 3017 1063 3046 hoc
1083 3017 1286 3055 epigrammate

392 3058 534 3091 discimus,
548 3058 731 3086 Parthenium
750 3058 941 3087 Phocaensem
965 3057 1134 3095 vituperasse
1156 3060 1287 3094 poemata

394 3098 523 3132 Homeri,
544 3104 573 3126 et
593 3098 709 3127 Iliadem
731 3098 885 3136 appellasse
905 3102 1017 3129 stercus,
1036 3099 1101 3135 (pro
1119 3098 1197 3132 βάτον
1211 3096 1285 3125 enim

1377 894 1592 930 ΠΑΡθέΝῙοιῑ
1619 895 1664 930 Οἵ
1687 893 1853 942 Ργενόμενοι
1878 895 2005 943 παρθένῳ
2023 895 2077 944 πρό
2094 900 2146 932 τοῦ
2161 897 2219 943 γή-

1326 947 1452 989 μασθαι·
1472 943 1525 978 ὑπὸ
1539 944 1570 979 δὲ
1585 943 1734 987 Ἀθηναίων
1750 943 1915 992 Ἐρεχθέως
1931 944 2099 992 θυγατέρες.
2125 945 2221 993 Παρὰ

1328 992 1359 1028 δὲ
1376 992 1486 1041 Γοργίᾳ
1509 992 1682 1028 uncrinus
1709 992 1757 1029 ε’πὶ
1772 992 1881 1032 παντὸς
1896 992 2048 1040 ἆμετὸχου
2063 994 2220 1029 τέτακται.

1329 1045 1498 1078 Καλοῦνται
1517 1042 1570 1077 ’1δέ
1587 1041 1638 1077 καὶ
1656 1043 1689 1077 ἐκ
1705 1043 1915 1088 μεταλήψεως,
1933 1040 1985 1077 καὶ
2001 1042 2131 1091 ἅφθοροι.

1378 1092 1631 1127 ΠΑΡΘΕΝᾶΝοΣι
1656 1095 1718 1127 Τοῦ
1734 1096 1788 1127 τῶν
1804 1092 1945 1140 παρθένων
1961 1096 2058 1139 χοροῦ.

1377 1140 1580 1175 numism:
1601 1140 1668 1178 Τὰς
1685 1141 1853 1187 Ἐρεχθέως
1869 1141 2033 1187 θυγατέρας
2049 1139 2138 1180 οὕτως
2155 1140 2221 1176 ἕλε-

1326 1205 1388 1237 γον,
1406 1187 1456 1224 καὶ
1474 1188 1605 1236 ι’ἐτίμιιον
1632 1188 1709 1232 ἦσαν
1726 1189 1757 1224 δὲ
1772 1187 1821 1224 τόν
1837 1188 1954 1237 ἀριθμὸν
1971 1189 2032 1231 εὲξ.
2071 1194 2221 1238 Πρεσβυ-

1368 1298 1538 1337 1(”Ερμιίι··ιι·ος]
1566 1299 1612 1327 Sc.
1635 1298 1773 1337 Berytius.
1794 1298 1949 1327 REINES.
1987 1300 2223 1337 Ἕρμιππος-φησι

1327 1349 1383 1367 om.
1399 1340 1434 1368 A.

1367 1378 1377 1401 l
1391 1380 1510 1415 Νικαεὺς]
1528 1381 1644 1411 Νικαιεὺς
1656 1380 1690 1408 A.

1368 1425 1393 1440 ¹¹¹
1403 1418 1519 1456 Ἔγραψε
1535 1419 1559 1447 δὲ
1579 1421 1663 1456 exem]
1683 1418 1799 1457 Scriptis
1813 1418 1954 1448 Parthenii
1969 1428 1986 1447 a
1999 1418 2086 1447 Suida
2099 1418 2145 1448 hic
2160 1428 2220 1448 me-

1328 1459 1444 1486 moratis
1463 1458 1535 1486 adde
1549 1458 1671 1492 Erotica‚
1687 1469 1758 1496 opus
1779 1459 1901 1497 elegans,
1916 1465 1946 1487 et
1965 1458 2046 1487 hodie
2065 1459 2155 1487 adhuc
2173 1468 2222 1487 su-

1327 1504 1450 1536 perstes:
1473 1498 1548 1536 quod
1571 1498 1635 1526 huic
1648 1498 1808 1531 Parthenio,
1823 1504 1907 1531 recte,
1922 1504 1954 1526 ut
1974 1504 2053 1537 puto,
2074 1498 2124 1527 viri
2144 1498 2222 1528 docti

1326 1538 1462 1567 tribuunt.
1485 1538 1603 1566 KUST.

1367 1584 1384 1600 ¹¹
1399 1582 1499 1615 ἐλεγεῖα
1512 1580 1558 1615 εἷς]
1576 1579 1687 1614 ἐλεγείας
1701 1577 1735 1606 V.

1368 1625 1383 1640 ⁰
1396 1618 1473 1651 Οὗτος
1496 1617 1591 1656 ἔγραψε
1612 1619 1655 1645 καὶ
1676 1619 1727 1655 περὶ
1750 1619 1975 1655 μεταμορφώσεως]
1991 1618 2086 1647 Verba
2107 1618 2168 1647 haec
2187 1628 2223 1647 ex

1328 1658 1521 1696 antiquissimo
1541 1668 1593 1686 ms.
1609 1658 1695 1686 Paris.
1710 1658 1745 1686 A.
1760 1657 1893 1691 revocavi,
1908 1668 1969 1696 quae
1989 1658 2018 1686 in
2034 1658 2144 1687 duobus
2158 1658 2222 1687 reli-

1328 1698 1391 1737 quis
1406 1698 1484 1726 mstis
1501 1698 1585 1726 Paris.
1600 1700 1643 1736 [et
1651 1698 1740 1734 V.E.]
1755 1697 1941 1736 omnibusque
1954 1698 2034 1726 editt.
2048 1698 2223 1737 praecedent-

1329 1739 1390 1767 ibus
1409 1738 1608 1766 desiderantur.
1651 1737 1801 1776 Scripsisse
1819 1744 1915 1766 autem
1929 1737 2110 1766 Parthenium
2127 1739 2223 1767 Meta-

1329 1779 1504 1816 morphoses,
1515 1788 1571 1806 non
1587 1778 1677 1806 solum
1693 1778 1761 1806 hinc
1775 1783 1862 1816 patet,
1873 1777 1922 1806 sed
1934 1777 2018 1806 etiam
2028 1788 2063 1806 ex
2073 1778 2223 1806 Eustathio

1328 1819 1364 1847 ad
1385 1819 1418 1847 11.
1434 1819 1468 1852 β’.
1490 1829 1518 1856 p.
1535 1826 1604 1855 327.
1621 1817 1670 1846 ubi
1684 1827 1778 1846 versus
1791 1817 1934 1846 Parthenii
1955 1818 1991 1846 de
2008 1818 2132 1856 nympha
2152 1828 2223 1855 qua-

1328 1859 1393 1887 dam
1415 1858 1443 1886 in
1467 1859 1577 1886 fontem
1601 1863 1708 1886 mutata
1728 1858 1821 1886 refert.
1863 1858 1957 1886 Verba
1976 1860 2036 1897 ejus
2057 1858 2116 1886 haec
2136 1863 2221 1886 sunt:

1323 1897 1401 1926 ''Ec-n
1423 1898 1448 1926 δὲ
1472 1899 1514 1926 καὶ
1538 1900 1604 1934 κόμη
1629 1900 1748 1931 Κιλικίας,
1773 1899 1902 1935 Γλαφύραι
1925 1898 2070 1935 καλουμένη,
2094 1897 2224 1934 ἀπέχουσα

1328 1942 1423 1976 Ταρσοῦ
1445 1940 1576 1975 τριάκοντα
1593 1940 1705 1970 σταδίους
1724 1938 1778 1974 πρὸς
1795 1939 1870 1970 δόσιν,
1890 1941 1915 1965 ἐν
1932 1937 1949 1975 ᾗ
1968 1938 2033 1974 πηγὴ
2053 1938 2101 1966 ἀπὸ
2121 1940 2224 1975 ῥωγάδος

1294 1978 1497 2021 Εκαταρρέουσα
1515 1979 1557 2005 καὶ
1577 1981 1692 2005 συνιοῦσα
1712 1981 1747 2013 τᾷ
1767 1980 1800 2010 είς
1818 1978 1912 2014 Ταρσὸν
1932 1978 2091 2012 εἷο-βάλλοντι
2109 1982 2222 2014 carafa-5.

1331 2019 1389 2056 Περὶ
1403 2016 1428 2052 ἧς
1444 2018 1572 2055 Παρθένιος
1583 2019 1693 2055 γράφων,
1706 2017 1778 2045 ἄλλα
1791 2029 1820 2045 τε
1834 2018 1912 2054 λέγει,
1925 2018 1968 2045 καὶ
1978 2017 2015 2045 ὅτι
2028 2017 2140 2055 παρθένος
2153 2019 2225 2045 Κιλί-

1330 2071 1375 2086 κων
1388 2060 1529 2095 ἀνακτορίην
1541 2057 1643 2093 ἔχουσα,
1657 2059 1811 2093 Ἀγχίγαμος
1827 2057 1895 2090 πέλε,
1915 2058 1958 2085 καὶ
1971 2059 2070 2094 καθαρῇ
2082 2059 2226 2093 ἐπεμαίνετο

1331 2100 1420 2133 Κύδνῳ,
1436 2099 1546 2134 Κύπριδος
1563 2096 1591 2129 ἐξ
1608 2099 1700 2125 ἀδύτων
1714 2098 1800 2134 πυρσὸν
1813 2098 1970 2132 ἀναψαμένη,
1983 2097 2071 2125 Εῖσὸκε
2084 2109 2126 2133 μιν
2139 2099 2226 2134 Κύπρις

1330 2138 1408 2174 πηγὴν
1421 2138 1484 2165 θέτο’
1504 2136 1561 2172 μίξε
1581 2139 1600 2164 δ’
1621 2136 1688 2173 ἔρωτι
1703 2138 1792 2165 Κύδνου
1811 2138 1854 2164 καὶ
1872 2139 1965 2173 νύμφης
1982 2137 2118 2165 ὒδατόεντα
2134 2138 2224 2173 γάμου.

1332 2178 1474 2206 Hauserat
1487 2177 1546 2205 haec
1562 2176 1728 2205 Eustathius
1749 2185 1782 2204 ex
1796 2175 1984 2204 Ethnicorurn
2006 2175 2150 2214 scriptore,
2166 2176 2223 2205 sive

1332 2217 1475 2255 Stephano
1497 2216 1646 2255 Byzantio,
1667 2222 1699 2244 ut
1722 2216 1782 2254 ipse
1805 2215 1910 2244 ibidem
1933 2222 2068 2252 testatur;
2091 2216 2142 2245 sed
2161 2226 2225 2255 quoe

1331 2257 1433 2286 frustra
1451 2256 1535 2285 hodie
1553 2266 1660 2294 quaeras
1681 2256 1710 2284 in
1729 2256 1853 2295 epitome
1873 2256 1952 2284 istius
1966 2255 2126 2295 scriptoris:
2148 2256 2226 2285 unde

1332 2303 1410 2336 patet
1430 2296 1571 2325 Eustathii
1592 2303 1674 2325 aetate
1695 2297 1870 2334 Stephanum
1891 2295 2041 2336 integrum,
2062 2296 2105 2325 vel
2124 2296 2225 2325 saltem

1331 2337 1511 2376 integriorem
1533 2347 1576 2370 eo,
1596 2347 1680 2375 quem
1702 2336 1785 2365 hodie
1806 2336 1950 2370 habemus,
1971 2336 2126 2365 exstitisse:
2148 2336 2226 2375 quod

1295 2377 1318 2404 F
1332 2384 1362 2406 et
1375 2377 1420 2406 alii
1436 2377 1484 2405 viri
1499 2377 1574 2405 docti
1587 2380 1647 2416 Jam
1665 2383 1731 2405 ante
1751 2383 1931 2405 monuerunt.
1973 2377 2028 2405 Sed
2047 2377 2107 2405 haec
2124 2376 2224 2406 obiter.

1332 2418 1374 2446 Ex
1394 2417 1515 2446 adducto
1536 2417 1622 2456 igitur
1639 2417 1701 2445 loco
1720 2416 1860 2445 Eustathii
1875 2416 2004 2455 colligere
2018 2416 2093 2449 licet,
2109 2417 2226 2445 Parthe-

1332 2458 1410 2486 nium
1430 2457 1568 2495 quendam
1588 2458 1623 2485 de
1641 2457 1930 2494 Metamorphosibus,
1946 2462 1978 2484 ut
1994 2455 2225 2496 diximus„scrip-

1332 2499 1418 2526 sisse:
1442 2497 1568 2535 quamvis
1588 2496 1725 2525 incertum
1748 2496 1879 2527 videatur.
1902 2501 1994 2524 utrum
2010 2495 2082 2524 Chio
2103 2505 2139 2524 an
2161 2505 2225 2525 vero

1331 2537 1464 2566 Nicaensi
1481 2546 1551 2574 opus
1565 2536 1632 2564 illud
1648 2535 1826 2564 tribuendum
1842 2535 1888 2564 sit.
1913 2536 1969 2564 Pro
1979 2535 2052 2564 Chio
2066 2535 2143 2564 enim
2158 2536 2226 2565 facit

1333 2577 1433 2605 Suidas
1462 2577 1515 2604 hoc
1542 2576 1623 2604 loco:
1651 2582 1681 2603 at
1705 2575 1778 2603 idem
1803 2585 1887 2614 supra
1911 2585 1935 2603 v.
1957 2576 2068 2613 Νέστωρ,
2090 2575 2230 2604 Nicaensi·

1332 2616 1577 2654 Metamorphoses
1601 2614 1741 2654 assignat:
1769 2625 1832 2653 quae
1855 2615 1969 2653 quidem
1996 2618 2128 2652 ἀντιλογία
2150 2616 2227 2645 haud

1332 2656 1413 2685 aliter
1436 2655 1578 2684 conciliari
1602 2661 1705 2694 potest,
1729 2656 1782 2683 nisi
1806 2661 1838 2683 ut
1861 2655 1996 2688 dicamus,
2017 2661 2168 2694 utrumque
2191 2656 2227 2685 de

1333 2696 1432 2725 eodem
1455 2702 1621 2734 argumento
1642 2695 1802 2734 scripsisse;
1825 2695 1901 2733 quod
1922 2701 2018 2724 tamen
2032 2695 2077 2724 vix
2097 2695 2225 2725 credide-

1333 2736 1395 2765 rim.
1415 2737 1532 2765 KUST.

1375 2783 1391 2806 Ρ
1403 2777 1535 2813 γενόμενοι]
1547 2777 1684 2813 γεννόμενοι
1698 2775 1824 2809 Photius,
1833 2774 1880 2813 qul
1893 2775 1922 2803 in
1937 2775 2030 2814 eapite
2043 2775 2143 2814 glossae
2156 2785 2228 2814 βῆξ-

1335 2817 1384 2845 bet
1398 2817 1522 2853 Παρθένοι.

1375 2863 1391 2885 q
1405 2857 1430 2884 δὲ
1444 2856 1499 2892 καὶ]
1513 2856 1556 2884 καὶ
1569 2866 1626 2884 om.
1643 2856 1752 2884 B.V.E.
1769 2855 1851 2884 Phot.

1375 2900 1550 2924 ΠΑΡΘΕΝΟῙ
1562 2906 1568 2923 t
1590 2898 1643 2928 Τὰς
1658 2896 1788 2933 Ἐρεχθέως
1801 2895 1936 2932 θυγατέρας
1948 2896 2019 2927 οὕτως
2031 2893 2084 2932 gh]
2101 2895 2182 2928 Huc,
2197 2901 2228 2923 et

1335 2946 1397 2975 quae
1424 2942 1589 2974 sequuntur,
1613 2936 1646 2964 ad
1669 2937 1782 2964 verbum
1807 2935 1891 2964 etiam
1912 2934 2049 2973 leguntur
2071 2935 2144 2973 apud
2167 2934 2227 2963 Mi-

1335 2976 1460 3005 chaelem
1470 2975 1648 3014 Apostolium
1665 2975 1693 3004 in
1708 2975 1817 3014 adagio,
1828 2975 1955 3012 Παρθένοις
1966 2973 1995 3006 ἒξ
2007 2976 2144 3012 ἐφάμιλλος
2155 2985 2161 3002 :
2178 2974 2226 3012 qui

1336 3026 1386 3045 sua
1400 3026 1416 3044 a
1430 3015 1516 3044 Suida
1529 3015 1713 3055 proculdubio
1730 3021 1871 3044 mutuatus
1885 3020 1938 3043 est.
1961 3014 2075 3043 KUST.

1377 3063 1389 3078 ι·
1402 3057 1566 3094 ἐτιμώρησοιν]
1591 3055 1715 3084 Michael
1734 3054 1897 3094 Apostolius
1919 3054 1982 3083 loco
2006 3053 2120 3082 laudato
2143 3054 2228 3083 habet

1336 3099 1466 3132 ἐτίμησαν.
1509 3096 1565 3124 Sed
1589 3096 1677 3135 magis
1702 3095 1795 3134 placet
1818 3097 1979 3133 conjectura
2001 3092 2156 3127 Pearsonii,
2179 3093 2227 3132 qui

394 3138 422 3166 in
447 3144 622 3177 pentametro
645 3138 728 3167 tertio
753 3137 816 3176 lego
836 3139 926 3173 πάτον)
944 3143 973 3166 et
989 3137 1155 3175 Odysseam,
1179 3138 1285 3165 lutum:
1296 3145 1325 3173 H
1337 3136 1429 3164 locum
1445 3137 1521 3164 hunc
1538 3136 1578 3164 sic
1598 3135 1745 3174 distinguit
1762 3141 1791 3163 et
1809 3134 1885 3173 legit,
1899 3135 1994 3170 ἐτίμων.
2023 3131 2112 3161 Ἦσαν
2125 3134 2159 3167 δὲ,
2174 3135 2228 3163 &c.

394 3178 432 3205 ob
453 3179 527 3215 quod
543 3178 586 3206 vel
608 3178 699 3206 solum
720 3178 893 3217 epigramma
913 3179 967 3206 hoc
989 3177 1106 3216 dignum
1128 3183 1197 3210 erat,
1212 3176 1287 3215 quod

394 3226 458 3245 cum
475 3219 577 3246 lectore
590 3219 855 3247 communicaretur.
898 3219 931 3246 ln
947 3218 1108 3246 hexametro
1122 3217 1245 3246 secundo
1259 3217 1287 3244 τὸ

394 3257 506 3291 ἱνήμεσε,
531 3265 573 3285 est
600 3260 635 3287 ab
662 3260 759 3294 ἐνεμέω,
782 3258 799 3286 i.
814 3268 839 3287 e.
863 3260 891 3286 in
918 3260 1034 3295 aliquem
1059 3258 1164 3295 aliquid
1187 3266 1286 3285 evomo.

395 3296 503 3325 Ibidem
520 3306 569 3334 pro
583 3302 650 3325 κεῖνα
664 3298 812 3336 legendum
827 3305 870 3327 est
884 3302 964 3331 κεῖνος.
986 3297 1106 3335 Reliqua
1119 3297 1202 3336 plana
1212 3302 1286 3324 sunt.

396 3336 512 3405 {XIIIJS'IX
544 3336 614 3403 Kgide
628 3347 688 3374 quae
704 3338 739 3365 de
754 3339 904 3366 Parthenio
919 3337 1032 3376 collegit
1045 3337 1194 3366 Clintonus
1208 3337 1241 3365 F.
1255 3337 1287 3364 A.

448 3398 455 3404 .
470 3386 498 3414 p.
515 3384 553 3412 54
576 3397 582 3403 .

1338 3175 1443 3204 Confer
1458 3175 1598 3204 Valesium
1613 3175 1641 3204 in
1657 3175 1730 3203 uotis
1745 3174 1780 3203 ad
1794 3173 1959 3202 Orationem
1975 3173 2088 3202 Eusebii
2103 3174 2138 3202 de
2152 3174 2229 3202 Lau-

1337 3215 1418 3244 dibus
1433 3215 1624 3248 Constantini,
1638 3224 1662 3243 c.
1678 3223 1724 3253 13.Κ
1743 3214 1859 3243 KUST.
1901 3213 1972 3252 Lag.
1992 3216 2122 3249 ἐτίμησαν.
2141 3213 2229 3242 immo

1337 3256 1432 3294 potius
1456 3255 1552 3290 ἐτίμων,
1574 3261 1606 3283 ut
1631 3255 1755 3292 Hesych.
1780 3259 1809 3283 et
1832 3253 1908 3286 hinc,
1930 3251 1994 3288 ἦσαν
2018 3254 2043 3282 δὲ
2066 3254 2107 3282 τὸν
2129 3256 2168 3291 ἀρ.
2190 3252 2228 3286 ἔξ.

1338 3295 1493 3324 REINES.
1521 3296 1617 3331 ἐτίμων·
1640 3292 1704 3329 ἦσαν
1718 3293 1839 3322 Photius.
1856 3295 1897 3323 καὶ
1912 3295 2011 3331 ὑπῆρχον
2025 3305 2051 3322 τ.
2066 3296 2092 3322 ἀ.
2106 3292 2143 3326 ἔξ.
2155 3305 2230 3331 πρισ-

1338 3337 1437 3371 βυτάτη
1451 3335 1496 3371 μὲν
1510 3335 1543 3363 Α.

1381 3382 1392 3397 ⁵
1406 3374 1442 3408 ἕξ.
1462 3373 1489 3409 ἦν
1503 3374 1527 3403 δὲ
1541 3375 1646 3412 πρεσβ.]
1664 3372 1718 3406 ἔξω.
1732 3375 1821 3412 πρεσβ.
1835 3374 1869 3402 V.
1898 3372 1924 3407 ἦν
1938 3376 1963 3402 δε
1978 3383 2036 3402 0111.
2050 3372 2178 3402 Photius.

2484 4005 2506 4048 §⁶0-
