2508 4048
402 385 506 423 3311
793 371 830 410 Σ
869 370 889 410 Ι

1760 369 1797 408 Σ
1836 370 1856 409 Ι
2135 386 2241 424 3312

403 478 537 511 γραπται
567 462 648 511 αυτῷ
676 462 801 523 Δωρίδι
819 463 965 498 διαλέκτου
991 464 1010 506 ἡ
1041 462 1215 508 Καμβυσου
1246 477 1296 496 και
1309 469 1334 496 A
1349 460 1400 508 ε’ρῶ
1433 461 1593 508 ἀλλαχοκθι
1627 462 1706 503 ἄξιον
1735 462 1766 497 δὲ
1799 462 1875 507 μηδὲ
1909 479 2007 497 ταυτα
2032 467 2243 511 Ἷπαραλιτεῖν.

404 512 532 560 Δαρειου
550 519 566 535 ¹
572 512 734 555 βασιλεια,
750 528 800 548 και
825 512 935 573 Ξέρξου
952 528 1117 559 ναυμαχια,
1135 510 1186 546 καὶ
1211 512 1230 554 ἡ
1254 510 1298 546 ἐπ’

406 561 585 610 Ἀρτεμισιῳ
610 561 775 609 ναυμαχία,
802 561 837 597 δι’
864 561 1010 607 e’heyetſtraf
1038 563 1056 605 ἦ
1085 560 1109 596 ὃ
1138 560 1166 596 ἐν
1195 564 1300 595 Σαλα-

404 616 479 657 μῖνι,
503 616 645 657 μελικῶς·
673 615 791 659 Θρῆνοι,
819 610 992 658 Ἐγκώμια,
1018 611 1300 658 7“Επιγράμμοιτα,

407 664 554 702 Παιᾶνες,
572 659 621 695 καὶ
641 659 841 731 ῑΤροιγωὸιαι,
858 659 908 695 καὶ
926 660 1021 695 ἄλλα.

456 707 584 749 Ovro5³
591 710 605 744 ὅ
622 708 824 756 Σιμωνίδηςδ
829 725 1006 756 μνημονικος
1022 725 1070 749 τις
1093 708 1136 752 ην,
1155 708 1235 756 εἴπερ
1252 724 1300 748 τις

405 759 512 798 αλλος.
565 758 687 793 εΤοῦτω
712 757 771 793 ὃ
754 775 787 802 ην
805 775 901 798 εοικως
920 757 1142 798 Ἀπολλώνιος(
1128 774 1142 793 o
1158 757 1298 796 Τυανεύς·

408 806 461 847 ἀος
485 823 538 850 την
562 807 617 853 μὲν
642 808 737 853 φωνην
756 812 851 869 σιωπῇ
876 812 1015 854 κατεῖχε,
1039 813 1175 843 πλεῖστα
1200 807 1231 842 δὲ
1258 806 1301 846 εἷς

406 858 524 903 μνήμην
540 857 706 904 ἀνελέγετο·
733 857 772 892 το’
785 874 818 892 τε
835 872 1008 903 μνημονικον
1021 856 1231 899 εκατοντούτης
1248 872 1301 902 γε-

407 905 524 953 νο’μενος
541 905 643 976 ’ἔρρωτο
661 906 732 954 ὑπὲρ
749 922 797 941 τον
807 905 1004 969 θΣιμωνίὸην.
1040 904 1133 940 Ka}‘'
1117 922 1205 951 υμνος
1221 905 1301 967 αὐτῷ

406 972 456 995 τις
473 955 503 995 ἔς
519 971 572 999 την
590 953 789 1002 ί’μνημοσύνην
799 953 896 1004 ᾔδετο·
916 955 944 990 ἔν
958 959 979 1003 ᾧ
995 957 1095 991 πάντα
1110 971 1165 1002 μεν
1179 953 1232 990 ὑπο
1249 959 1300 990 τοῦ

406 1004 511 1052 χρόνον
532 1004 730 1065 μαραίνεσθαί
749 1011 854 1049 φησιν,
877 1003 966 1039 αὐτόν
987 1020 1024 1051 γε
1046 1021 1105 1051 μην
1128 1020 1176 1040 τον
1201 1003 1300 1052 χρόνον

406 1055 506 1128 ῗγῆρω
539 1070 572 1089 τε
615 1070 665 1089 και
698 1054 838 1089 ἀθανατον
873 1053 977 1102 ἕπαρὰ
1016 1058 1071 1097 τῆς
1112 1054 1301 1101 μνημοσύνης

431 1119 513 1139 ειναι.

456 1152 664 1195 ΣιΜαΝίΔΗΣ,
682 1152 819 1200 Λυρικος.
862 1151 959 1192 Οὗτος
976 1157 1087 1213 πρῶτος
1105 1153 1187 1188 δοκεῖ
1197 1169 1302 1215 μικρο-

407 1200 511 1272 λογίαν
537 1202 712 1249 εἰσενεγκεῖν
738 1202 778 1242 εἷς
806 1218 839 1237 το
864 1218 965 1249 ᾳσμοι,
983 1201 1048 1237 ικαῖ
1072 1203 1188 1248 γράψαι
1214 1199 1303 1249 ᾆσμα

407 1249 548 1297 1(μισθοῦ.
600 1250 695 1298 ιΕἶχε
713 1251 745 1287 δε
770 1251 817 1286 δύο
843 1250 984 1293 κιβώτια,
1001 1267 1054 1293 την
1069 1252 1124 1297 μὲν
1141 1256 1195 1286 τῶν
1214 1267 1305 1299 χαρι-

406 1316 462 1335 των
478 1301 569 1344 κενήν·
597 1317 650 1343 την
668 1301 728 1336 83‘
716 1316 827 1346 ετεραν,
844 1300 949 1335 πλέαν.
1002 1307 1027 1322 ¹¹¹
1036 1301 1262 1347 Ἀριστοφάνης·

531 1356 608 1382 Κατὰ
621 1356 657 1381 τὰ
671 1356 802 1389 Σιμωνίδου
815 1354 887 1389 μέλη.

406 1397 567 1438 Τουτεστι,
591 1397 771 1450 κακότεχνα,
792 1412 842 1432 και
867 1396 1000 1432 ποικίλα.
1051 1395 1220 1443 Σιμωνιὸης
1245 1394 1306 1436 υἷος

408 1449 618 1494 11Θεοπρεντοῢς
636 1450 724 1482 εἶπεν·

447 1502 556 1538 Ἀνάγκη
571 1500 620 1528 οὐδὲ
636 1501 683 1528 θεοι
696 1502 832 1537 μάχονται.

456 1543 675 1580 Emanvmnx:
701 1546 826 1584 ωὈἰιιιις
851 1543 1000 1590 ἐτίμησάν
1019 1560 1053 1579 τε
1077 1542 1129 1579 καὶ
1155 1543 1306 1588 ἐφίλησαν

408 1595 436 1630 οἷ
451 1593 625 1642 Διόσκουροι
643 1593 692 1629 τὸν
708 1592 864 1641 μελοποιὸν
880 1593 1058 1639 Σιμωνίδην,
1076 1592 1127 1628 καὶ
1148 1599 1208 1632 πῶς
1226 1592 1306 1641 ε’ρρῦ-

410 1660 511 1687 σαντο,
525 1644 712 1683 καλέσαντες
724 1643 777 1685 ἔξω
789 1647 841 1678 τοῦ
855 1643 999 1691 ἀνδρῶνος,
1011 1642 1076 1678 ἔνθα
1088 1642 1305 1684 Ρκατῶλισθεν,

451 1765 465 1779 ¹
479 1759 615 1795 βασιλεία]
632 1758 756 1792 βασιλέως
768 1758 805 1786 Ε.

448 1804 463 1827 y
478 1798 695 1836 Ἐπιγράμματα]
720 1798 791 1826 Non
819 1808 910 1837 pauca
935 1798 1093 1827 Simonidis
1119 1798 1207 1835 hujus
1232 1797 1305 1835 Epi-

408 1843 566 1875 grammata
589 1838 676 1866 hodie
702 1838 795 1866 adhuc
820 1843 936 1866 exstant
960 1838 990 1865 in
1015 1837 1203 1875 Anthologia.
1246 1837 1306 1866 Hic

409 1883 524 1906 tantum
548 1888 661 1911 moneo,
684 1884 798 1906 exstare
823 1878 882 1906 duo
905 1878 1123 1916 Epigrammata
1148 1877 1306 1906 Simonidis

411 1917 549 1954 (alterum
566 1918 597 1946 in
619 1918 785 1946 Corinthios
803 1918 834 1946 in
854 1918 999 1946 Salamine
1021 1917 1160 1956 sepultos,
1182 1917 1305 1945 alterum

409 1958 440 1985 in
454 1957 646 1986 Adimantum
666 1958 866 1996 Corinthium)
885 1958 963 1996 apud
983 1957 1109 1986 Dionem
1131 1957 1304 1995 Chrysosto-

409 2007 489 2025 mum
510 1997 541 2025 in
563 1998 756 2026 Corinthiaco.
800 1998 886 2026 Prius
905 1998 1102 2036 Epigramma,
1117 1997 1196 2035 quod
1216 1997 1305 2035 scrip-

408 2042 472 2065 tum
495 2042 539 2066 est
561 2037 592 2065 in
613 2037 809 2066 Corinthios
801 2048 832 2065 1n
854 2037 999 2066 Salamine
1020 2037 1159 2075 sepultos,
1180 2037 1306 2065 refertur

409 2077 497 2105 etiam
517 2087 533 2105 a
553 2077 739 2106 Plutarcho
731 2088 761 2105 ln
783 2077 857 2106 libro
872 2078 930 2114 Περι
947 2090 990 2111 της
1002 2078 1127 2114 “Ηροδο’του
1146 2078 1305 2111 κακοηθείας,

409 2117 460 2145 sed
474 2117 581 2155 absque
591 2117 716 2147 auctoris
730 2118 855 2146 nomine.
877 2117 956 2146 Vide
967 2117 1053 2146 etiam
1066 2116 1211 2161 Theodor.
1221 2117 1305 2145 Cant.

411 2157 481 2185 Var.
496 2157 577 2185 Lect.
594 2157 643 2186 lib.
659 2158 702 2185 II.
717 2168 741 2186 c.
808 2157 929 2186 KUST.

451 2203 464 2218 Ζ
478 2197 623 2234 τραγῳδίαι]
640 2166 774 2234 τραγῳδία7
778 2196 816 2225 Α.

450 2242 465 2258 Β
478 2238 490 2264 ὅ
503 2238 632 2273 Σιμωνίδης
645 2242 675 2265 et
689 2247 757 2265 mox
771 2250 808 2270 τις
821 2247 877 2265 0111.
890 2237 928 2266 V.

449 2275 466 2298 b
479 2277 629 2314 μνημονικὸς]
654 2277 793 2306 Philostr.
815 2277 851 2305 de
872 2277 923 2305 vit.
941 2276 1041 2316 Apoll.
1061 2277 1154 2316 Tyan.
1169 2286 1193 2304 c.
1213 2285 1257 2312 14.
1276 2281 1306 2304 et

409 2316 444 2346 de
459 2317 519 2345 Vit.
536 2317 625 2355 Soph.
643 2326 689 2345 22.
712 2317 810 2345 Amm.
826 2316 959 2346 Marcell.
975 2317 1059 2345 XVI.
1076 2324 1103 2354 5.
1126 2316 1297 2344 REINES.

450 2364 463 2378 C
477 2359 560 2393 Τούτῳ
574 2359 593 2385 δ’
608 2355 635 2392 ἦν
649 2357 739 2394 ἐοικῶς]
757 2356 774 2393 ᾧ
787 2355 814 2392 ἦν
827 2357 904 2390 ἐοικὼς
917 2359 987 2385 κατὰ
1000 2358 1044 2392 τὴν
1057 2358 1151 2394 μνήμην
1164 2358 1207 2384 καὶ
1221 2356 1261 2385 V.

450 2395 466 2418 d
477 2396 502 2429 ὃς
515 2398 559 2431 τὴν
571 2397 618 2432 μὲν
631 2398 709 2435 φωνὴν
724 2402 801 2435 σιωπῇ
819 2398 894 2434 mn]
912 2397 995 2431 Haec,
1011 2402 1041 2426 et
1060 2407 1124 2435 quae
1145 2401 1307 2434 sequuntur

410 2446 501 2474 usque
515 2437 552 2465 ad
566 2437 653 2466 finem
666 2437 790 2472 articuli,
803 2442 871 2466 sunt
885 2438 972 2466 verba
984 2437 1154 2466 Philostrati
1168 2437 1218 2465 lib.
1231 2437 1255 2464 Ι.
1271 2436 1307 2465 de

410 2476 474 2505 Vit.
489 2476 588 2515 Apoll.
603 2487 627 2506 c.
647 2487 690 2505 ιι.
712 2487 776 2515 quae
797 2477 884 2506 etiam
905 2477 1043 2515 leguntur
1061 2487 1149 2516 supra
1168 2487 1195 2504 v.
1209 2477 1306 2505 Ἀνελέ-

410 2529 479 2552 γετο,
495 2521 525 2544 et
539 2526 565 2544 v.
579 2519 744 2549 Ἀπολλώνιος.
767 2517 891 2546 KUST.

452 2563 465 2578 e
480 2557 620 2593 Σιμωνίδην]
638 2558 757 2593 Σιμωνῖὂα
771 2557 810 2586 V.

453 2595 464 2617 f
474 2597 637 2633 μνημοσύνην]
653 2598 697 2631 τὴν
709 2610 750 2634 μν.
765 2597 846 2626 A.V.
882 2597 957 2625 Mox
970 2599 1059 2630 πάντες
1073 2597 1111 2625 Α.

452 2642 469 2665 g
481 2638 548 2674 παρὰ
568 2639 611 2671 τῆς
629 2638 789 2674 μνημοσύνης]
808 2637 857 2666 Sic
873 2637 960 2666 etiam
981 2637 1088 2675 legitur
1107 2636 1185 2676 apud
1207 2636 1307 2665 Philo-

411 2681 533 2704 stratum
547 2676 611 2705 loco
625 2676 751 2706 laudato.
786 2677 829 2706 At
849 2687 935 2716 supra
949 2677 1027 2716 apud
1042 2677 1161 2705 Suidam
1176 2686 1203 2705 v.
1216 2679 1307 2704 Ἀπολ-

412 2718 498 2749 λώνιος,
519 2722 548 2745 et
564 2727 590 2745 v.
605 2718 756 2753 Ἀνελέγετο,
778 2717 894 2756 legitur,
916 2718 959 2745 ὑπο
980 2720 1022 2752 τῆς
1041 2719 1205 2753 μνημοσύνης-ε
1229 2716 1308 2754 quod

413 2756 786 2846 ωῇἕίεεινξῖῗοέῗίὶᾱξξῑξῖὃῖαι
799 2757 981 2834 KZsstfflaE'*
946 2809 980 2832 τῳ
996 2796 1069 2848 χρόνῳ
1083 2798 1167 2824 πάντα
1179 2798 1307 2833 μαραίνον-

411 2845 464 2863 ται·
485 2837 566 2871 μνήμη
580 2836 605 2864 δὲ
620 2837 746 2872 Σιμωνίδου
759 2850 801 2865 και
815 2837 974 2865 Ἀπολλωνίου
987 2841 1011 2863 οὐ
1024 2838 1179 2873 μαραίνεται.

453 2879 659 2908 ΣΙΜΩΝΙΔΗΣ,
676 2877 778 2914 Λυρικός.
807 2876 884 2909 ουτος
901 2877 954 2914 πρ]
971 2876 1020 2904 Ex
1040 2876 1136 2905 Schol.
1157 2875 1307 2915 Aristoph.

414 2915 480 2944 Pac.
495 2915 564 2952 696.
583 2915 706 2944 KUST.

454 2955 461 2977 i
476 2958 518 2984 καὶ
531 2957 630 2992 γράψαι
645 2954 720 2992 ᾆσμα
733 2957 834 2993 μισθοῦ]
854 2955 1012 2985 Testantur
1027 2956 1083 2985 hoc
1099 2955 1197 2994 plures
1218 2955 1308 2994 scrip-

412 3000 499 3024 tores.
532 2995 707 3025 Scholiastes
730 2996 849 3025 Pindari
870 2996 906 3024 ad
923 3006 948 3024 2.
964 2996 1066 3024 Isthm.
1077 2996 1162 3024 Ἔνθεν
1178 3009 1221 3025 και
1237 3001 1307 3024 Καλ-

413 3036 519 3071 λίμαχός
537 3041 620 3074 φησιν·
642 3040 678 3064 Οὐ
696 3039 745 3074 ’γὰρ
764 3038 863 3083 ἔργάτιν
881 3037 961 3075 τρέφω
981 3038 1029 3070 Την
1047 3041 1151 3071 μοῦσαν,
1170 3039 1199 3069 ὥς
1216 3038 1227 3064 ὂ
1243 3040 1309 3069 Κεῖος

411 3078 527 3112 ’Τλλίχου
541 3076 627 3109 νέπους.
670 3076 718 3105 Sic
737 3077 814 3105 enim
834 3076 928 3105 locum
948 3075 1031 3104 illum
1049 3076 1232 3105 scribendum
1246 3086 1308 3105 esse

410 3115 581 3154 jampridem
613 3122 788 3145 monuerunt
820 3117 875 3145 viri
907 3116 993 3145 docti.
1040 3116 1179 3155 Synesius
1210 3116 1306 3155 Epist.

1351 511 1579 558 Ἇκραγαντινων
1588 527 1767 576 στρατηγος
1785 511 1829 555 ην,
1848 527 1937 558 ονομα
1958 512 2067 553 Φοῖνιξ·
2095 515 2245 559 Συρακου-

1350 559 1426 600 σιόις
1451 560 1486 595 δὲ
1507 561 1667 607 ἐπολεμουν
1684 567 1772 597 οὑτοι.
1823 561 1936 596 Ουκοῢν
1953 560 2035 596 ο’ὃε’
2021 577 2035 596 ο
2052 562 2154 602 Φοῖνιξ
2180 561 2246 596 δια-

1349 607 1414 644 λυει
1430 625 1479 644 τον
1495 611 1592 654 τάφον
1608 626 1660 645 του
1685 610 1848 656 Σιμωνίδου
1872 612 1962 657 μάλα
1979 611 2112 654 1ὀίκηῖδῶς
2137 626 2170 645 τε
2194 626 2244 645 και

1350 658 1498 700 ἀνοικτως,
1524 675 1574 694 και
1601 659 1634 694 ἐκ
1659 663 1713 694 τῶν
1738 659 1822 694 λίθων
1847 660 1935 695 τῶνδε
1959 660 2101 703 ἀνιστησι
2127 659 2244 720 πύργον·

1350 723 1400 743 και
1417 708 1497 743 κατὰ
1514 711 1630 743 Βϊοντον
1647 709 1725 743 ἑάλω
1741 710 1760 751 ἡ
1776 707 1875 748 πόλις.
1918 710 2024 745 *Έοικε
2041 710 2072 745 δὲ
2089 725 2141 745 και
2155 713 2246 744 Καλ-

1350 756 1483 804 λιμαχος
1506 773 1631 820 ντουτοις
1673 758 1838 804 ὁμολογεῖν.
1890 757 2065 802 Οικτίζεται
2107 763 2176 806 γοῦν
2212 774 2245 793 το

1350 805 1477 852 ἄθεσμον
1504 822 1595 854 εργον,
1626 822 1676 841 και
1707 806 1833 853 λέγοντά
1861 822 1898 853 γε
1924 807 2011 843 αὖτον
2039 810 2053 844 ὅ
2083 811 2245 856 Κυρηναῖος

1313 853 1338 881 Β
1349 854 1488 899 πεποίηκε
1506 872 1553 891 τον
1569 855 1682 903 ’γλυκυν
1698 856 1831 899 ποιητήν·

1766 922 1843 950 t01383
1857 935 1885 950 το
1899 924 2007 960 γράμμα

1469 963 1558 1002 ᾐδέσθη
1572 965 1600 992 τὸ
1613 965 1684 1000 λε’-γον
1700 966 1747 999 up!
1762 961 1804 991 υἷα
1818 965 1961 1000 Λεοπρεπέος

1552 1005 1649 1031 κεῖσθαι
1667 1010 1678 1024 Χ
1688 1004 1758 1038 Κῆῖον
1771 1003 1855 1041 ἄνδρα.

1352 1053 1430 1103 Κᾷτ’
1448 1055 1533 1091 εἷπῶν
1548 1056 1640 1099 ἄττα,
1658 1056 1801 1103 ἐπιλέγει·

1472 1124 1528 1150 Οὔδ’
1543 1122 1651 1158 Υῆμέας,
1667 1125 1823 1158 Πολύδευκες,
1838 1124 1975 1160 ὑπέτρεσεν,
1990 1125 2054 1160 οἵμε
2068 1126 2189 1161 μελάθρου

1512 1163 1643 1198 μέλλοντος
1653 1164 1748 1191 πίπτειν
1763 1165 1848 1195 Ζέκτος
1861 1163 1947 1192 {owed
1959 1176 2018 1192 ποτε

1475 1202 1640 1237 ὃδαιτυμονων
1654 1201 1724 1230 bam
1737 1215 1828 1238 μουνον,
1843 1216 1883 1231 οτε
1899 1206 2054 1241 cKpamvlm
2068 1202 2126 1236 αἴας

1515 1240 1618 1270 ωλισθεν
1630 1243 1711 1279 μέγας
1724 1241 1781 1276 οικος
1795 1245 1835 1272 ἐπι
1848 1245 1982 1276 Σκηάδας.

1354 1295 1485 1360 Τιμωροι
1510 1298 1565 1344 μὲν
1591 1297 1626 1341 3η
1653 1297 1709 1334 θεοι
1734 1304 1797 1339 τοῖς
1817 1299 1919 1342 ἀξιοις·
1946 1315 1997 1335 και
2019 1303 2146 1346 τιμῶσιν
2166 1315 2191 1334 οι
2216 1315 2250 1335 τε

1357 1345 1536 1393 Ὀλυμπιοι,
1556 1345 1608 1383 11οι
1624 1364 1659 1383 τε
1689 1365 1715 1384 οι
1741 1347 1789 1384 ἔπι
1810 1353 1865 1393 τῆς
1889 1365 1994 1396 τριτης
2016 1349 2123 1409 ἀρχῆς·
2150 1365 2182 1384 ον
2197 1365 2249 1395 μοι

1355 1395 1438 1431 δοκεῖ
1474 1402 1739 1444 πολυπραγμονεῖν.
1789 1400 1954 1434 ‘'Eo-ramur
1987 1398 2022 1441 ὃη
2059 1413 2110 1433 και
2151 1402 2251 1433 ταῦτα

1356 1443 1520 1491 ὑπόμνησις
1536 1462 1587 1481 του
1612 1450 1696 1487 βιουν
1713 1445 1842 1508 ὅρθῶς,”’
1826 1463 1872 1482 ινα
1888 1463 1923 1483 τε
1945 1463 2053 1486 αυτους
2068 1463 2184 1494 εχωμεν
2199 1463 2250 1482 και

1356 1494 1478 1529 ε’νταυθα
1495 1494 1669 1541 κηὸεμονας,
1687 1511 1737 1530 και
1756 1496 1888 1538 ἐκεῖθι,
1875 1512 1944 1531 οταν
1960 1512 2013 1539 την
2025 1496 2202 1544 εἱμαρμένην
2218 1512 2252 1532 τε

1354 1559 1406 1578 και
1423 1543 1588 1591 ἀναγκαιαν
1603 1545 1720 1592 πορείαν
1737 1544 1875 1591 ἔλθωμεν.

1404 1592 1601 1628 ΣΙΜΩΝΙΔΗΣ
1627 1594 1747 1636 Kmoz,
1772 1594 1961 1642 θυγατριδοῦς
1986 1595 2067 1630 κατά
2091 1610 2174 1632 τινας
2200 1598 2251 1630 τοῦ

1316 1625 1503 1691 Ι)’1ι·ρο·ιέρου,
1528 1642 1561 1683 ὃς
1586 1643 1734 1687 ἐπεκλήθη
1755 1644 1958 1692 Μελικερτης.
2011 1644 2118 1691 Γέγονε
2143 1643 2176 1679 83
2197 1642 2253 1692 πρὸ

1397 1757 1406 1779 l
1419 1756 1479 1793 Ειχε
1493 1758 1518 1786 δὲ
1533 1760 1570 1786 δύο
1583 1759 1702 1795 κιβώτια]
1722 1759 1784 1797 Egr
1750 1759 1848 1797 gregie
1867 1759 1925 1788 huc
1943 1760 2056 1788 faciunt
2075 1770 2109 1789 ea
2122 1769 2187 1797 quoe
2200 1759 2252 1788 ha-

1355 1798 1405 1826 bet
1419 1798 1592 1837 Anonymus
1606 1798 1643 1826 ad
1655 1798 1742 1837 Idyll.
1753 1799 1841 1827 XVI.
1863 1799 1985 1828 Theocr.
2000 1800 2079 1838 quod
2089 1802 2196 1837 Χάριτες
2207 1799 2251 1827 in-

1356 1838 1499 1866 scribitur.
1521 1842 1562 1865 Ἐν
1577 1837 1594 1874 ᾧ
1610 1837 1732 1874 (εἶὸυλλίῳ
1747 1839 1884 1876 Θεόκριτος)
1901 1841 1944 1867 και
1957 1842 1994 1867 τὰ
2006 1844 2048 1867 τοῦ
2061 1841 2192 1875 Σιμωνίδου
2205 1842 2252 1875 ἔμ-

1355 1879 1437 1915 φαίνει
1450 1879 1565 1911 κιβωτια,
1580 1890 1608 1905 το
1624 1878 1678 1914 μὲν,
1694 1880 1813 1915 Χαρίτων·
1835 1879 1863 1906 τὸ
1882 1879 1916 1912 δὲ,
1931 1880 2045 1907 διδόντων.
2075 1879 2140 1907 Ὅτε
2159 1877 2198 1907 οὖν
2215 1891 2253 1911 τις

1355 1918 1408 1954 πρὸς
1420 1918 1493 1945 αὐτον
1506 1919 1656 1954 παρεγίνετο,
1670 1920 1742 1954 χάριν
1755 1921 1899 1954 αιτουμενος,
1915 1920 2011 1947 ἐκέλευε
2028 1920 2110 1957 φέρειν
2122 1921 2158 1946 τα
2175 1920 2251 1953 soffl-

1355 1970 1407 1985 τια.
1450 1959 1579 1994 Εΰρισκετο
1598 1955 1634 1985 οὖν
1647 1970 1675 1986 το
1689 1958 1734 1994 μὲν
1748 1961 1795 1986 τῶν
1807 1961 1928 1996 Χαρίτων,
1943 1960 2016 1987 κενόν·
2036 1960 2066 1988 τὸ
2079 1959 2104 1988 δὲ
2118 1963 2166 1987 τόν
2179 1959 2251 1988 διδόν·

1320 2011 1345 2038 Ε
1358 2009 1411 2031 των,
1425 1999 1519 2034 πληρες.
1543 1997 1665 2025 KUST.
1698 1998 1722 2026 δὲ
1737 1999 1780 2026 και
1794 1998 1833 2027 V.

1398 2044 1422 2059 ¹¹¹
1438 2038 1627 2075 Ἀριστοφάνης]
1645 2036 1704 2066 Av.
1720 2046 1788 2075 920.

1398 2083 1413 2098 ¹¹
1429 2078 1586 2114 Θεοπρεπους]
1617 2077 1716 2106 Scribe
1744 2082 1903 2115 Λεπρεποῧς,
1932 2083 1966 2106 ut
1999 2088 2094 2117 supra.
2129 2078 2252 2107 KUST.

1356 2119 1480 2155 Θεοκρεπ-’ἦ
1495 2117 1533 2145 Ε.
1569 2117 1720 2155 Integrum
1736 2117 1894 2146 Simonidis
1908 2117 2004 2146 locum
2018 2118 2077 2146 vid.
2091 2118 2171 2157 apud
2185 2118 2253 2146 Pla-

1356 2162 1417 2186 ton.
1434 2157 1550 2194 Protag.
1564 2166 1593 2195 p.
1609 2165 1665 2193 345
1683 2157 1717 2185 C.

1396 2200 1612 2225 ZIMONJAHx:
1630 2196 1726 2234 Ὅπως]
1745 2197 1810 2225 Vid.
1833 2197 1964 2226 Ciceron.
1986 2197 2023 2226 de
2043 2197 2126 2226 Orat.
2146 2197 2190 2226 11.
2209 2198 2253 2226 16.

1357 2236 1477 2275 Gyrald.
1493 2247 1522 2275 p.
1537 2246 1602 2273 134.
1625 2236 1796 2266 REINES.

1397 2277 1503 2309 0“Ὀπως
1516 2278 1638 2312 ἐτίμησάν
1651 2289 1680 2305 τε
1699 2279 1742 2305 καὶ
1760 2278 1884 2315 ἐφίλησαν
1896 2280 1917 2305 οἷ
1930 2278 1976 2314 Δ.]
1994 2277 2104 2306 Totum
2117 2277 2196 2306 hunc
2210 2277 2253 2306 lo-

1356 2327 1423 2345 cum
1439 2326 1476 2345 ex
1495 2316 1569 2346 libro
1584 2317 1693 2345 AEliani
1711 2317 1747 2346 de
1762 2317 1960 2352 Providentia,
1975 2317 2026 2355 qui
2042 2327 2121 2346 nunc
2134 2317 2252 2346 interci-

1357 2357 1410 2391 dit,
1426 2362 1594 2395 excerptum
1609 2367 1670 2386 esse
1685 2368 1750 2386 cum
1767 2357 1890 2386 Kuhnio
1903 2358 2046 2387 existimo.
2069 2357 2192 2386 KUST.

1399 2404 1415 2427 Ρ
1428 2398 1594 2434 κατῶλισθεν]
1611 2399 1797 2432 κατωλίσθησεν
1812 2398 1851 2426 V.
1866 2398 1917 2435 qui
1931 2408 2000 2426 mox
2012 2398 2163 2434 ἀλλαχόθεν.

1398 2444 1413 2466 ‘1
1427 2441 1583 2474 παραλιπεῖν.
1609 2438 1821 2477 Ἀκραγαντίνων]
1835 2442 1992 2466 καταλιπεῖν.
2016 2441 2204 2476 Ἀκραγαντῖνος
2217 2437 2253 2466 Β.

1398 2524 1410 2539 ¹·
1423 2519 1516 2551 ἀκηδῢς
1529 2530 1558 2545 τε
1572 2518 1614 2545 καὶ
1627 2520 1740 2551 ἀνοίκτως
1753 2528 1809 2547 om.
1821 2518 1860 2547 V.

1398 2564 1409 2579 S
1423 2558 1507 2594 τοῦτο]
1523 2561 1606 2585 τοῦτον
1619 2557 1737 2586 Α.Β.Ε.

1399 2600 1409 2619 t
1423 2597 1484 2625 Οὐδὲ
1499 2598 1527 2625 τὸ
1540 2599 1635 2634 γράμμ’
1649 2598 1702 2635 ῄδ.]
1719 2596 1893 2626 Pearsonius
1906 2596 2100 2635 fragmentum
2115 2597 2171 2626 hoc
2185 2596 2254 2625 cal-

1356 2637 1472 2665 limachi
1486 2636 1523 2665 ad
1536 2647 1615 2665 oram
1629 2637 1695 2665 libri
1710 2637 1751 2666 sic
1764 2637 1794 2665 in
1808 2637 1939 2665 ordinem
1952 2637 2114 2675 redegerat:
2136 2637 2253 2671 Ὴιόέσθη

1356 2679 1375 2706 δ’
1387 2677 1437 2705 οῦδὲ
1451 2677 1479 2705 τὸ
1491 2678 1598 2714 γράμμα
1612 2677 1682 2712 λέγον
1695 2678 1750 2705 ‘rau
1759 2681 1911 2714 Λειοπρετοῦς
1923 2679 2022 2705 κεῖσθαι
2035 2678 2076 2705 τὸν
2087 2678 2157 2711 Κῆΐον
2167 2677 2251 2714 ἄνδρα.

1357 2717 1401 2745 At
1421 2716 1535 2745 felicius
1558 2717 1589 2745 id
1633 2717 1748 2745 raestitit
1771 2716 1923 2745 Bentleius
1943 2716 1981 2745 ad
2002 2717 2118 2755 Fragm.
2137 2716 2252 2745 Gallim.

1358 2756 1473 2784 LXXI.
1488 2756 1542 2785 hoc
1555 2727 1741 2785 mmi'0201383
1755 2769 1784 2785 το
1796 2759 1906 2794 γράμμα
1915 2758 2032 2791 Ἢιδέσθη
2047 2758 2075 2785 τὸ
2089 2757 2160 2794 λέγον
2174 2760 2200 2793 μ’
2211 2755 2254 2784 ιιια

1322 2783 1349 2811 G
1359 2797 1506 2834 Λεωπρεπέος
1520 2798 1625 2824 Κεΐσθαι
1640 2798 1711 2830 Κῆῖον
1724 2796 1808 2834 ἄνδρα.
1831 2796 1953 2825 KUST.

1400 2843 1414 2858 υ
1429 2849 1476 2864 υιον
1489 2837 1647 2874 Θεοπρετοῦς]
1663 2842 1698 2864 υἶν
1710 2841 1869 2875 mammeae
1883 2836 1922 2865 A.
1950 2849 2013 2871 υινην
2027 2840 2172 2874 Δεοπρεσοῧς
2186 2836 2223 2866 V-

1401 2884 1413 2898 ¹
1431 2877 1513 2913 Κῆἳον]
1529 2889 1603 2905 κεινον
1616 2876 1654 2905 A.

1398 2923 1414 2945 y
1428 2917 1518 2953 ἡμέας]
1538 2918 1614 2953 ὑμέας
1628 2916 1704 2946 V.B.
1741 2917 1817 2945 Tum
1841 2919 1986 2950 Πολύδευκος
1999 2916 2039 2946 V.
2063 2916 2124 2953 οἴμοι
2141 2915 2179 2944 Α.
2201 2925 2254 2954 pro

1358 2970 1378 2985 ⁰¹
1392 2970 1495 3030 ’,ΞΕ-ἐκτὸς
1514 2996 1620 3025 ἔσεσθαί
1630 2998 1701 3033 ποτε]
1720 2996 1873 3026 Bentleius
1888 2996 1952 3025 loco
1973 2995 2091 3024 laudato
2104 2994 2250 3028 emendat,

1358 3039 1425 3070 ἐκτὸς
1439 3036 1525 3065 ἔθεσθέ
1537 3049 1605 3066 ποτε.
1629 3037 1751 3066 KUST.
1786 3036 1875 3065 ἔσεσθε
1889 3036 1927 3065 Α.

1399 3084 1414 3099 ³
1428 3078 1582 3113 Δαιτυμᾶνων
1595 3090 1643 3105 απο
1656 3082 1746 3112 μοῦνον,
1760 3077 1801 3105 ὅτε
1817 3077 1872 3113 Κρ.]
1886 3075 2051 3105 Distichum
2065 3075 2120 3103 hoc
2133 3085 2251 3114 corrup-

1358 3122 1420 3145 tum
1435 3122 1488 3150 est,
1501 3117 1579 3155 quod
1593 3117 1728 3146 laudatus
1742 3117 1786 3144 vir
1799 3125 1921 3154 magnus
1934 3115 1970 3144 ad
1985 3115 2100 3153 Fragm-
2114 3114 2252 3143 Callima-

1321 2398 1344 2426 F

415 3155 528 3183 XLIX.
549 3157 680 3190 Σιμωνίδης
690 3161 738 3194 γὰρ
749 3157 820 3189 αὐτος
830 3156 946 3193 ὡμολόγει
955 3157 1009 3193 πρὸς
1018 3159 1126 3194 ἀργύριον
1136 3158 1306 3193 διαλέγεσθαι.
1317 3169 1345 3198 H
1358 3157 1404 3185 chi
1414 3157 1530 3185 LXXI.
1545 3157 1692 3195 ingeniose
1706 3156 1747 3185 sic
1760 3155 1910 3185 emendat·
1933 3155 2088 3190 Δαιτυμόνων
2100 3154 2148 3183 ἄπο
2160 3159 2251 3191 μοῦνον,

414 3194 540 3223 Joannes
560 3196 684 3225 Tzetzes
705 3197 781 3225 Chil.
797 3197 889 3225 VIII.
905 3207 928 3225 c.
947 3197 1013 3225 228.
1035 3196 1071 3225 de
1093 3196 1242 3225 Simonide
1263 3196 1306 3225 lo-
1357 3197 1397 3225 ὅτε
1420 3198 1553 3232 Κρανῶνιος,
1575 3196 1613 3229 af,
1635 3196 1672 3230 αι,
1688 3196 1809 3224 '‘nhc-On
1831 3197 1955 3231 μεγάλους
1977 3193 2035 3227 οἶκος
2057 3195 2097 3223 ἐπι
2117 3197 2250 3228 xxo-1482«.

414 3243 513 3270 quens,
532 3235 588 3263 ait:
612 3238 683 3264 Ουτω
704 3238 780 3274 λέγων
800 3239 925 3275 ὑπάμγνρα
945 3241 1031 3265 πᾶσαν
1051 3238 1148 3274 γραφην
1168 3238 1249 3270 ἐποίει,
1263 3239 1310 3269 “Ως

413 3274 542 3309 Ἀνακρέων
557 3286 584 3301 τε
600 3277 670 3308 αὐτος
686 3277 849 3313 Καλλίμαχός
862 3290 890 3305 τε
901 3279 1000 3315 γραφει.
1024 3277 1147 3305 KUST.

455 3311 473 3334 k
486 3315 587 3349 μισθοῦ]
602 3314 673 3342 naec
686 3326 740 3343 vox
752 3327 809 3344 non
824 3317 885 3346 sine
900 3316 1052 3356 dispendio
1066 3327 1166 3346 sensus
1181 3326 1217 3345 ex
1231 3316 1309 3355 prio-

414 3352 494 3380 ribus
517 3352 600 3381 editt.
621 3354 739 3388 excidit,
763 3366 847 3392 quam
871 3367 907 3385 ex
930 3367 997 3385 mss.
1022 3357 1162 3385 revocavi.
1186 3356 1307 3385 KUST.

414 3392 564 3421 Omittunt
579 3402 640 3421 eam
658 3394 693 3420 A.
699 3394 732 3421 Β.
736 3394 774 3422 V.
779 3395 814 3422 E.
836 3395 886 3423 sed
901 3396 986 3424 habet
1002 3396 1098 3424 Schol.

1360 3236 1482 3265 KUST.

1400 3275 1416 3297 b
1429 3275 1490 3312 ἄπο]
1508 3275 1570 3312 ἄτρη
1586 3275 1623 3304 V.

1399 3322 1413 3338 ⁰
1428 3317 1563 3353 Κρανωνίων
1576 3315 1666 3351 αἴσας]
1686 3318 1790 3352 Κρανῧνι
1805 3314 1863 3347 αἴας
1877 3314 1915 3343 Α.
1945 3319 1986 3351 Κρ.
2002 3314 2059 3347 αἴας
2073 3314 2151 3343 V.B.

1400 3354 1416 3378 1¹
1430 3357 1453 3384 οἵ
1463 3356 1510 3392 τι]
1521 3354 1569 3383 εἴτε
1585 3354 1663 3383 A.V.
1679 3365 1694 3383 e
1709 3355 1814 3392 quibus
1828 3355 1946 3383 accessit
1961 3357 2003 3389 τῆς
2018 3361 2085 3383 ante
2098 3357 2186 3392 τρίτης.
