2508 4048
400 397 508 437 3979

401 477 498 500 autem
517 470 659 499 medicina
678 469 839 498 adhibenda
858 473 901 497 est
917 469 1016 507 Etym.
1033 467 1160 497 Gudian.
1175 468 1226 496 ubi
1235 466 1294 505 '‘Ap—

401 524 449 544 τιος
459 511 563 549 ἀριθμός.
584 513 595 538 o‘
606 513 666 546 δίχα
675 509 726 545 ἦτοι
738 513 771 542 εἷς
780 509 922 545 τεμνόμενον
933 510 970 536 δύο
980 508 1045 541 ἰ’σας.
1056 508 1111 546 leg.
1121 507 1216 545 Ἀρτιος
1226 509 1294 544 ἀριθ-

401 552 461 588 μός;
483 553 495 579 ὅ
509 552 577 586 δίχα,
591 549 643 584 ἤτοι
657 553 690 583 εἷς
703 551 740 578 δύο
753 549 799 576 ἴσα
812 549 960 584 τεμνόμενον.

436 590 547 628 Ἀρκτος.
569 591 596 618 τὸ
618 593 684 625 ζῶον.
708 590 750 617 καὶ
774 589 802 616 τὸ
824 590 955 622 ἀεικίνητον
976 587 1162 624 ἀστροθέτημα]
1190 585 1292 621 Quid?

402 630 458 658 alia
480 630 573 658 sidera
598 640 656 658 non
678 630 852 657 moventur?
877 628 941 656 Imo
965 627 1087 665 majores
1107 627 1194 655 etiam
1218 635 1295 654 eme-

402 670 517 699 tiuntur
544 670 627 698 orbes
654 679 739 706 quam
765 668 848 696 Ursa.
892 667 999 696 Procul
1026 667 1114 695 dubio
1141 665 1296 703 legendum

402 709 600 737 ‘AEIQA1N6N
615 719 668 747 pro
682 708 859 737 ’AE1K1N6N
874 707 893 735 i.
904 717 930 735 e.
945 708 984 735 ἀεὶ
998 707 1138 744 φαινόμενον
1152 715 1204 743 pro
1218 706 1297 733 ἀεικί.

403 761 479 783 νητον.
521 749 678 777 Neminem
691 748 794 785 fugere
806 752 912 787 potest,
924 747 984 784 jam
1000 746 1162 774 Homerum
1174 744 1210 773 de
1222 745 1298 773 Ursa

404 789 540 818 cecinisse
556 789 613 817 Od.
629 788 664 816 V.
681 796 716 825 27
721 797 748 824 5.
769 787 803 821 οἵη
822 790 841 816 δ’
862 787 967 824 ἄμμορός
987 789 1042 813 ἐστι
1063 789 1163 822 λοετρῶν
1177 788 1296 813 ὠκεανοῖο.

404 828 496 867 Apud
511 828 631 856 Suidam
646 838 667 856 s.
682 838 709 855 v.
725 830 812 856 Κύκλοι
831 830 855 855 ἐν
871 831 906 862 τῷ
923 829 1010 863 οὐρανῷ
1023 826 1042 853 ε’
1057 824 1163 853 dicitur
1177 825 1299 862 Ἀρκτικδς

403 870 415 896 ὃ
428 870 468 896 ἀεὶ
481 868 628 906 φαινόμενος.

443 908 598 945 Ἀρχιμήδης,
609 907 766 944 Τραλλιανὸς,
777 906 917 943 φιλόσοφος.
937 904 1083 941 Ὕπόμνημα
1096 907 1129 936 εἷς
1137 903 1242 940 Ὅμηρον
1255 904 1298 931 καὶ

928 379 1412 422 OBSERVATIONES
1441 380 1700 420 CRITICAE

2128 383 2236 433 3980

1344 468 1517 503 καταλογάδην
1531 470 1555 495 ἐν
1569 468 1674 502 βιβλίοις
1692 468 1723 494 θ’.
1751 469 1851 494 Ἰλιακὰ
1870 466 1885 501 ἢ
1905 468 1956 504 περὶ
1974 471 2075 504 Τρωικοῦ
2095 470 2235 505 διακόσμου,

1344 505 1408 538 οὗτος
1422 505 1516 543 ἔγραψε
1530 509 1565 535 τὰ
1578 508 1629 544 περὶ
1643 508 1685 540 τ’ἥς
1697 508 1818 544 ἁρπαγῆς,
1829 507 1871 534 καὶ
1884 508 1936 544 περὶ
1950 509 2086 540 Μενελάου,
2101 509 2143 536 καὶ
2156 510 2239 543 πάσης

1344 548 1452 579 Ἰλιακῆς
1466 547 1606 578 ὑποθέσεως,

1385 591 1510 627 Διφουσία.
1534 593 1567 619 ‘H
1582 593 1740 627 δικαιολογία,
1752 591 1794 619 καὶ
1808 592 1954 628 δικαιοσύνη]
1968 592 2115 621 Kusterus
2126 602 2162 621 ex
2174 593 2238 622 He-

1345 629 1444 667 sychio
1457 629 1528 668 legit
1542 631 1556 665 ἡ
1570 633 1673 667 διλογία,
1689 630 1794 658 omisso
1807 632 1850 658 καὶ
1864 633 2007 666 δικαιοσύνη.
2042 632 2108 660 Nos
2121 632 2238 670 quidem

1346 700 1387 728 ita
1400 700 1538 738 legimus:
1561 704 1678 740 Διφασία
1690 712 1695 728 :
1720 702 1734 735 ἦ
1748 703 1874 738 διχολογία
1887 703 1930 730 καὶ
1940 675 2059 738 διχῖςύνη,
2070 703 2117 732 vel
2127 705 2239 742 διχοφρο-

1346 742 1415 774 σύνη,
1425 741 1517 769 oratio
1531 751 1635 780 anceps
1649 746 1736 779 atque
1751 741 1889 779 cogitatio
1902 751 2015 780 anceps.
2038 743 2148 772 Similis
2159 743 2240 773 locus

1347 785 1390 808 est
1401 780 1547 809 Ciceronis
1556 781 1592 810 de
1601 782 1724 810 Oratore
1735 781 1794 809 111.
1809 782 1852 810 16.
1875 781 1997 810 Homer.
2007 782 2160 811 Od.V111.
2171 784 2239 821 506.

1347 820 1423 856 τρίχα
1437 820 1462 848 δέ
1475 826 1562 858 σφισιν
1576 822 1660 855 ἥνδανε
1673 821 1757 855 βουλή.
1793 820 1909 849 Pindar.
1924 831 1969 859 ap.
1985 822 2115 850 Ciceron.
2131 823 2189 862 Ep.
2204 823 2241 852 ad

1348 859 1440 887 Attic.
1456 859 1547 888 XIII.
1563 861 1610 897 38.
1624 862 1683 896 δίχα
1696 873 1735 897 μοι
1750 861 1804 893 νόος,
1820 861 1947 898 ἀτρέκειαν
1960 864 2042 889 εἰπεῖν.

1388 901 1460 940 Αἶρα.
1490 906 1523 930 Ἥ
1541 907 1582 932 τοῦ
1601 905 1669 931 σίτου
1687 906 1815 941 διαφθορὰ,
1830 905 1871 931 διὰ
1887 904 2026 941 διφθόγγου.
2063 903 2128 943 ’Ἔρα
2141 905 2167 933 δὲ
2181 906 2196 940 ἦ
2209 908 2241 943 γη““

403 949 544 984 μηχανικὰ]
562 946 765 975 Archimedem
780 945 984 984 philosophum
999 949 1086 981 atque
1099 943 1297 972 mechanicum
1310 956 1335 983 B
1349 944 1390 970 διὰ
1403 946 1445 970 τοῦ
1459 955 1470 970 ε
1484 945 1564 977 ψιλοῦ.
1586 945 1698 979 σημαίνει
1712 944 1737 972 δὲ
1751 945 1794 971 καὶ
1808 944 1852 977 τὴν
1865 945 1989 981 σφαῖραν]
2009 944 2155 973 Kusterus
2169 955 2241 974 corr.

405 987 622 1016 celeberrimum
637 985 814 1014 confundere
828 985 953 1012 videtur.
1349 984 1454 1020 σφύραν,
1469 987 1503 1011 ut
1518 993 1563 1021 ap.
1579 983 1706 1022 Hesych.
1726 988 1770 1012 est
1784 981 1856 1020 Αἷρα.
1877 985 1971 1021 σφύρα,
1992 982 2070 1018 ἀξίνη.
2096 985 2242 1022 Equidem

446 1029 557 1064 Γάδειρα.
582 1026 656 1058 Τόπος
670 1027 739 1053 κατὰ
759 1026 802 1058 τὴν
820 1025 933 1061 ἑσπερίαν
946 1027 1039 1061 μοῖραν,
1055 1024 1245 1057 ἀποτελεύτησις
1257 1025 1300 1056 τῆς
1348 1022 1379 1049 in
1393 1022 1489 1050 omnia
1503 1022 1558 1050 alia
1572 1022 1697 1051 discedo.
1740 1023 1904 1057 Quamnam
1918 1023 1995 1051 enim
2009 1024 2150 1053 rationem
2165 1035 2243 1053 nunc

405 1069 545 1100 θαλάσσης,
555 1066 598 1093 καὶ
612 1064 656 1092 οἷον
667 1065 732 1102 ἐκροὴ
742 1065 790 1092 ἀπὸ
801 1066 843 1098 τῆς
853 1065 907 1101 πρὸς
916 1064 981 1099 ἡμᾶς
991 1067 1022 1095 εἰς
1033 1064 1076 1097 τὴν
1086 1064 1210 1090 Ἀτλαντί
1211 1065 1242 1090 δα
1253 1064 1298 1090 ⁶02-
1349 1062 1464 1089 subesse
1479 1061 1617 1094 dieamus,
1627 1067 1661 1090 ut
1675 1062 1725 1090 illa
1735 1062 1846 1090 fuerint
1858 1062 2028 1101 interposita
2040 1075 2046 1091 :
2066 1063 2131 1101 Ἔρα
2141 1064 2166 1092 δὲ
2177 1065 2191 1099 ἦ
2201 1067 2242 1101 γ’ἦ.

405 1111 517 1139 λασσαν,
532 1106 573 1133 τὸν
587 1105 696 1138 ὠκεανὸν,
710 1103 737 1138 ἢν
751 1107 907 1132 διεκπλεῦσαι
926 1107 966 1131 οὐκ
983 1105 1034 1136 ἐνῆν
1052 1104 1165 1139 βραχῶδη
1183 1103 1225 1129 καὶ
1240 1114 1298 1129 σκο-
1350 1100 1448 1128 Suidae
1468 1100 1532 1128 loco
1553 1101 1601 1129 hic
1615 1110 1715 1128 sensus
1732 1101 1825 1129 inesse
1838 1101 1970 1130 Videtur:
1988 1101 2061 1140 Ἐρα,
2081 1104 2100 1131 i.
2115 1114 2140 1132 e.
2155 1109 2242 1139 terra,

404 1147 481 1179 τοειδῆ
501 1147 681 1181 τυγχάνουσαν.
722 1146 826 1180 Γάδειρα
846 1143 870 1171 δὲ
891 1145 959 1180 παρὰ
979 1143 1022 1176 τὴν
1040 1145 1085 1178 γῆν
1098 1143 1139 1169 καὶ
1159 1143 1202 1174 τὴν
1216 1142 1298 1177 δειρὴν,
1349 1149 1454 1167 nomen
1475 1140 1586 1178 accepit
1607 1150 1623 1168 e
1644 1139 1769 1168 rotunda
1789 1139 1890 1178 figura,
1905 1141 1952 1169 vel
1970 1151 2007 1169 ex
2021 1152 2090 1171 νοω
2107 1142 2166 1181 αἷρα
2179 1154 2243 1182 quae

404 1185 416 1212 ὅ
433 1189 489 1213 ἐστι
509 1184 648 1222 τράχηλος]
663 1183 741 1211 Mihi
758 1183 875 1220 quidem
899 1192 978 1210 nunc
1001 1192 1059 1209 non
1084 1182 1114 1208 in
1139 1180 1234 1208 animo
1255 1185 1300 1208 est
1349 1179 1449 1207 eadem
1464 1184 1508 1207 est
1522 1184 1610 1216 atque
1624 1183 1739 1217 σφαῖραι
1763 1184 1798 1207 ut
1811 1183 1881 1207 ἀλεῖν
1895 1185 1925 1208 et
1939 1182 2074 1218 σφάλλειν,
2086 1182 2120 1214 ἔος
2133 1188 2163 1211 et
2177 1185 2243 1220 σφέ-

406 1225 573 1253 Graecorum
594 1223 845 1261 grammaticorum
864 1231 955 1259 nugas
972 1230 1091 1257 arguere
1106 1220 1136 1247 in
1150 1219 1228 1247 vocis
1242 1219 1300 1247 ori-
1348 1230 1421 1255 τερος,
1437 1223 1491 1247 etc.
1532 1218 1607 1247 Eam
1622 1224 1719 1247 autem
1733 1229 1833 1257 reapse
1848 1225 1979 1248 veterum
1992 1222 2244 1258 grammaticorum

404 1264 472 1302 gine
491 1262 652 1301 quaerenda.
694 1262 817 1298 Majoris
835 1260 975 1288 momenti
996 1265 1039 1287 est
1057 1259 1207 1287 ostendere
1222 1258 1300 1287 unde
1349 1258 1439 1286 fuisse
1457 1259 1640 1292 sententiam,
1655 1258 1723 1287 inde
1737 1264 1866 1297 apparet,
1881 1259 1959 1296 quod
1980 1261 2038 1297 ἐρίου
2058 1261 2245 1299 significatio-

405 1303 456 1332 illa
470 1302 625 1341 explicatio
640 1300 765 1329 fluxerit.
808 1300 857 1328 Ex
873 1299 997 1327 Hesiodi
1013 1309 1117 1337 nempe
1132 1299 1300 1336 Theogonia
1350 1308 1415 1326 nem
1437 1298 1473 1326 ad
1492 1298 1646 1326 rotundam
1667 1298 1788 1337 figuram
1808 1298 1978 1328 retulerant.
2021 1300 2069 1328 Ita
2090 1300 2186 1330 Schol.
2207 1301 2244 1330 ad

405 1343 492 1372 ducta
506 1347 559 1375 est,
574 1341 624 1369 ubi
638 1350 694 1369 vss.
711 1340 777 1378 726.
792 1349 852 1377 sqq.
868 1339 904 1367 de
919 1337 1041 1367 Tartaro
1056 1338 1149 1367 canit:

808 1380 878 1417 ἀμφὶ
891 1379 918 1407 δέ
929 1391 972 1415 μιν
985 1377 1027 1410 νὺξ

525 1421 658 1459 τριστοιχεὶ
671 1420 776 1456 κέχυται
789 1432 824 1447 πε
829 1420 854 1457 pi
868 1419 972 1456 δειρήν.
993 1420 1072 1455 αὐτὰρ
1086 1420 1183 1455 ὕπερθεν

525 1463 578 1498 γῆς
591 1462 670 1498 ῥίζαι
683 1463 811 1498 πεφύκασι
825 1460 868 1487 καὶ
882 1458 1021 1496 ἀτρυγέτοιο
1035 1460 1175 1493 θαλάσσης,

526 1500 585 1528 ἔνθα
599 1501 645 1528 θεοὶ
658 1502 756 1535 Τιτῆνες
768 1500 811 1527 ὑπὸ
824 1499 890 1537 ζόφῳ
903 1499 1005 1536 ἦερᾶεντι

525 1542 688 1578 κεκρύφαται.

405 1580 556 1618 Loquutio
569 1580 620 1608 illa
632 1581 684 1617 περὶ
698 1580 782 1617 δειρὴν,
797 1589 883 1617 quam
898 1577 1026 1606 Wolfius
1039 1578 1150 1606 fatetur
1162 1576 1232 1605 alias
1246 1577 1301 1605 sibi

406 1620 535 1649 nondum
549 1620 662 1648 obviam
676 1619 776 1653 fuisse,
791 1619 900 1657 optime
915 1618 1076 1656 explicatur
1090 1622 1188 1646 nostra
1203 1617 1301 1645 Suidae

405 1660 507 1698 glossa.
549 1660 628 1687 Nam
643 1659 679 1687 de
697 1659 809 1687 ultimis
823 1658 980 1687 occidentis
997 1657 1112 1692 finibus,
1127 1657 1178 1686 ubi
1193 1657 1298 1689 Gades,

406 1699 570 1728 Hesiodum
591 1699 746 1737 loquutum
767 1709 838 1732 esse,
857 1698 926 1726 inde
946 1703 1075 1736 apparet,
1095 1697 1173 1735 quod
1187 1697 1300 1725 easdem

405 1745 490 1768 terrae
514 1739 646 1777 regiones
669 1739 765 1767 densis
789 1738 916 1767 tenebris
938 1738 1045 1766 obsitas
1069 1747 1130 1765 esse
1154 1737 1225 1765 dicit
1243 1747 1299 1765 vss.

408 1787 476 1816 744.
492 1789 533 1816 sq.
556 1778 677 1815 (Suidas
691 1779 792 1806 ὠκεανὸν
804 1780 925 1812 σκοτοειδῆ
937 1778 1045 1815 vocat,)
1057 1777 1136 1814 quod
1146 1776 1232 1805 Atlas
1246 1776 1300 1805 ibi-

405 1819 471 1848 dem
486 1818 610 1847 sustinet
624 1818 729 1847 coelum
743 1828 798 1847 vss.
813 1818 879 1855 746.
894 1827 955 1855 sqq.
970 1817 1115 1855 praecipue
1129 1827 1207 1850 vero,
1222 1816 1300 1854 quod

407 1859 546 1887 Titanum
559 1858 641 1886 sedes
659 1858 690 1886 in
709 1858 812 1886 iisdem
826 1857 903 1886 orbis
916 1857 1022 1885 finibus
1036 1867 1126 1895 prope
1141 1857 1300 1885 Beatorum

406 1898 515 1927 insulas
528 1898 619 1926 fuisse
634 1898 740 1926 dicitur
754 1898 790 1926 ab
802 1897 923 1926 Hesiod.
934 1897 1013 1935 Opp.
1029 1897 1093 1924 168.
1105 1907 1146 1934 sq.
1158 1908 1164 1924 :
1186 1896 1300 1924 Heroes

527 1940 585 1970 Ζεὺς
598 1939 705 1975 Κρονιδης
717 1938 859 1965 κατένασσε
872 1938 954 1974 πατὴρ
967 1940 991 1969 ἐς
1003 1939 1109 1973 πείρατα
1121 1937 1202 1973 γαίης,

525 1978 599 2011 τῆλου
612 1981 655 2005 ἀπ’
670 1979 801 2005 ἀθανάτων
814 1981 879 2005 τοῖσι
894 1977 975 2014 Κρόνος
988 1978 1149 2012 ἐμβασίλευε.

406 2017 503 2052 Quem
517 2017 613 2045 locum
627 2027 644 2045 a
659 2017 775 2045 Groevio
788 2017 884 2045 Lectt.
900 2015 1022 2044 Hesiod.
1037 2026 1061 2044 c.
1077 2023 1104 2052 5.
1126 2015 1155 2043 J.
1171 2014 1302 2043 Henrico

406 2057 513 2086 Vossio
534 2057 618 2094 epist.
639 2056 761 2095 mythol.
778 2056 813 2084 T.
829 2056 872 2084 ΙΙ.
890 2066 919 2094 p.
937 2064 1003 2091 143.
1024 2055 1099 2083 male
1120 2054 1302 2083 intellectum

406 2097 448 2125 ita
461 2096 613 2125 restitues:

526 2137 584 2168 Ζεὺς
598 2135 703 2172 Κρονίδης
716 2134 859 2163 κατένασσε
872 2135 952 2171 πατὴρ
967 2137 991 2166 ἐς
1003 2135 1110 2171 πείρατα
1123 2135 1235 2170 γαίης-

525 2175 600 2209 τῆλου
612 2178 655 2202 ἀπ’
670 2177 906 2203 ἀθανάτων-τοῖσι
917 2174 998 2212 Κρόνος
1011 2176 1182 2210 ἐμβασιλεύει.

405 2219 440 2243 ut
453 2218 517 2242 τοῖσι
532 2214 570 2243 ad
583 2216 688 2252 πείρατα
697 2217 768 2251 γαίης
778 2215 930 2248 referatur,
942 2224 1036 2252 neque
1047 2224 1116 2242 vero
1130 2214 1167 2242 ad
1178 2213 1300 2242 Heroes.

404 2256 594 2291 Ἐμβασιλεύειν
607 2255 684 2283 enim
700 2254 831 2283 Hesiodo
846 2264 903 2282 non
918 2259 962 2283 est
982 2254 1136 2292 imperium
1156 2254 1187 2281 in
1207 2253 1301 2281 homi-

405 2304 456 2322 nes
467 2294 513 2322 vel
526 2294 606 2322 Deos
620 2304 763 2328 exercere,
775 2294 826 2322 sed
840 2294 870 2322 in
884 2294 948 2322 loco
963 2294 1060 2332 aliquo
1074 2293 1188 2332 imperii
1202 2293 1299 2322 sedem

405 2333 553 2367 collocare,
568 2344 596 2362 v.
611 2334 688 2372 Opp.
707 2343 717 2362 1
728 2343 738 2362 1
748 2344 771 2362 1.
788 2334 899 2372 Theog.
916 2342 962 2371 71.

445 2374 558 2410 Γραμμῆ.
581 2374 685 2411 Γραμμῆ
706 2377 774 2401 ἐστιν
795 2375 938 2411 ἐπιφανείας
957 2374 1037 2410 πέρας·
1058 2372 1073 2407 ἢ
1091 2375 1165 2410 μῆκος
1177 2372 1300 2406 ἀπλατὲς,

406 2414 434 2441 τδ
448 2415 521 2449 μῆκος
533 2414 601 2449 μόνον
614 2413 681 2450 ἕχον]
698 2413 770 2451 Leg.
784 2413 799 2448 ἢ
813 2414 841 2441 τὸ
854 2415 928 2449 μῆκος
940 2413 1007 2448 μόνον
1020 2412 1084 2449 ἕχον.

446 2453 523 2489 Γυρόν.
555 2454 652 2490 Κυρτὸν,
668 2455 823 2490 στρογγύλον.
854 2456 896 2481 Ἐν
916 2455 1096 2491 ἐπιγράμματι.
1119 2455 1139 2468 “
1150 2452 1219 2490 Γυρδν
1238 2464 1300 2480 κυα-

406 2495 426 2508 “
439 2492 490 2526 νέης
503 2493 603 2528 μόλιβον
617 2495 760 2530 σημάντορα
772 2493 914 2529 γραμμῆςἺ
930 2493 1002 2531 Leg.
1018 2497 1087 2530 Γυροῢ
1100 2493 1199 2526 κυανέης
1212 2497 1266 2520 etc.

445 2533 581 2566 Διαβῆτης.
597 2535 756 2570 Ἐργαλεῖονὸ
767 2534 892 2567 διαβήτης,
902 2533 1031 2570 εὔχρηστος
1039 2533 1137 2568 τέχναις
1144 2535 1256 2565 πολλαῖς,
1266 2535 1301 2567 τῷ

404 2573 510 2607 λάμβδα
517 2573 645 2609 παρεοικός.
659 2574 749 2600 Τούτου
756 2573 784 2600 τὸ
791 2571 937 2606 ἐπιτιθέντες,
944 2574 972 2600 τὸ
981 2573 1006 2600 δὲ
1015 2573 1092 2609 ἕτερον
1099 2574 1252 2609 περιάγοντες
1260 2573 1300 2599 κύ-

403 2616 473 2644 κλους
485 2613 590 2649 ποιοῦσι]
604 2612 651 2640 Ita
665 2611 709 2640 ed.
724 2622 767 2650 pr.
785 2612 931 2640 Kusterus
945 2612 1043 2650 paullo
1056 2612 1160 2640 melius
1174 2612 1202 2639 τὸ
1214 2610 1240 2639 ἓν
1253 2611 1299 2647 με’-

403 2663 439 2688 ρος
449 2653 589 2684 ἐπιθέντες.
630 2652 760 2690 Legend.
775 2654 857 2679 τούτου
870 2653 898 2680 τὸ
912 2652 958 2688 μὲν
968 2652 1045 2689 ἕτερον
1059 2652 1143 2684 σκέλος
1158 2652 1299 2684 ἐντιθέντες,

404 2691 432 2718 τὸ
446 2691 471 2718 δὲ
486 2691 564 2728 ἕτερον
576 2693 729 2728 περιάγοντες
742 2693 839 2724 κύκλους
851 2696 951 2719 ποιοῦσι.
990 2691 1040 2720 Ad
1053 2691 1207 2719 lectionem
1222 2691 1300 2728 ἕτερον

403 2739 491 2758 manu
506 2731 586 2768 quasi
601 2731 734 2759 ducimur
749 2731 869 2760 Kusteri
883 2731 1007 2759 lectione
1021 2732 1048 2759 τὸ
1062 2730 1087 2759 *ὲν
1100 2731 1176 2768 μέρος.
1211 2730 1300 2765 Quod

403 2770 472 2806 μέρος
484 2770 512 2797 h.
527 2770 546 2797 l.
566 2770 640 2798 male
659 2781 712 2799 nos
732 2771 828 2804 habet,
847 2776 876 2799 et
897 2771 982 2799 facile
1004 2771 1066 2799 fieri
1087 2771 1193 2809 potuit,
1208 2775 1242 2797 ut
1263 2779 1299 2798 ex

405 2809 482 2845 ἕτερον
505 2814 622 2837 enatum
647 2809 693 2837 sit.
736 2810 814 2838 Vide
836 2820 922 2848 supra
941 2810 977 2838 ad
991 2820 1019 2838 v.
1034 2811 1184 2846 Ἀμφίθετον
1197 2811 1299 2846 φιάλην.

406 2848 493 2876 Oculi
507 2848 616 2877 librarii
627 2858 644 2876 a
657 2859 727 2877 voce
741 2849 794 2884 μὲν
807 2849 844 2876 ad
858 2851 948 2877 ἐντιθ.
963 2850 1107 2877 aberrasse
1121 2848 1265 2876 videntur.

444 2890 541 2921 Δίκτυς,
566 2888 687 2925 ἱστορικός.
718 2887 853 2925 ΙἙγραψεν,
874 2891 1044 2926 Ἐφημερίδα,
1060 2887 1116 2916 ἔστι
1137 2888 1162 2916 δὲ
1187 2890 1222 2915 τὰ
1243 2889 1298 2924 μεθ’

399 2926 504 2964 Ὅμηρον
517 2930 692 2964 καταλογάδην
707 2931 731 2956 ἐν
744 2929 848 2962 βιβλίοις
861 2930 893 2962 θ’,
904 2930 1031 2962 Ἰταλικὰ,
1045 2932 1145 2965 Τρωϊκοῦ
1159 2927 1298 2963 διακόσμου.

405 2967 481 2999 Οὗτος
494 2966 588 3003 ἔγραφε
603 2969 637 2995 τὰ
651 2969 702 3004 περὶ
716 2970 758 3001 τῆς
768 2970 888 3005 ἁρπαγῆς,
901 2969 943 2996 καὶ
956 2969 1007 3005 περὶ
1019 2969 1154 3002 Μενελάου,
1165 2968 1208 2995 καὶ
1219 2969 1300 3001 πάσης

404 3009 511 3040 Ἰλιακῆς
524 3007 666 3043 ὑποθέσεως]
683 3007 780 3035 Nemo
794 3017 853 3035 non
867 3007 947 3036 videt
957 3010 1115 3045 Ἐφημερίδος
1128 3017 1233 3035 nomen
1248 3017 1298 3036 ex-

404 3046 505 3084 plicari
518 3046 564 3075 his
575 3046 678 3080 verbis,
689 3046 744 3075 ἔστι
759 3047 783 3075 δὲ
795 3049 830 3075 τὰ
839 3047 1005 3085 μθ’”ομηρον
1015 3053 1138 3083 καταλογ.
1150 3050 1174 3075 ἐν
1184 3048 1256 3081 βιβλ.
1269 3048 1298 3074 θ’.

405 3085 517 3114 Eodem
537 3086 623 3114 modo
636 3090 737 3123 Τρωϊκοῦ
758 3087 888 3123 διακόσμου
909 3092 1110 3125 argumentum
1131 3086 1298 3125 exponitur,

405 3125 455 3153 ubi
474 3125 580 3153 dicitur
599 3125 663 3158 οὗτος
677 3126 730 3162 (sc.
745 3127 843 3163 Τρωϊκός
863 3127 1003 3163 διάκοσμος)
1021 3126 1116 3164 ἔγραψε
1132 3128 1168 3154 τὰ
1185 3127 1237 3163 περὶ
1258 3128 1300 3160 τῆς

404 3167 523 3201 ἁρπαγῆς,
537 3166 580 3193 καὶ
600 3167 651 3202 περὶ
669 3170 761 3193 Μενελ.
780 3179 804 3193 κ.
821 3178 884 3194 πασ.
900 3169 947 3194 Ἰλ.
963 3166 1100 3199 ὑποθέσεως.
1142 3166 1217 3201 Quoe
1237 3176 1297 3195 me-

404 3213 469 3231 cum
485 3210 621 3241 reputans
636 3205 666 3233 in
681 3215 743 3233 eam
758 3205 879 3234 inducor
893 3206 1076 3240 sententiam,
1091 3210 1125 3234 ut
1139 3216 1197 3233 nou
1212 3206 1298 3243 quin-

1311 2872 1378 2916 Glo

1315 1337 1338 1364 C
1350 1338 1499 1376 Aristoph.
1517 1338 1669 1377 Lysistrat.
1692 1348 1709 1366 a
1730 1338 1821 1366 Suida
1837 1349 1859 1367 s.
1874 1348 1900 1366 v.
1915 1338 2035 1373 Διαξῆναι
2048 1340 2242 1379 descriptum:

1350 1381 1397 1405 τῶν
1411 1379 1459 1415 γὰρ
1473 1380 1537 1415 ἐρίων
1550 1381 1571 1406 οἱ
1583 1379 1676 1414 μαλλοὶ
1689 1377 1772 1414 ἔχουσι
1786 1380 1833 1411 τὰς
1844 1380 1925 1416 ἀρχὰς
1941 1380 1984 1407 καὶ
1997 1381 2046 1412 τὰς
2057 1382 2161 1418 κορυφὰς
2172 1393 2244 1409 πεπι-

1350 1418 1465 1453 λημένας·
1486 1419 1530 1445 καὶ
1553 1420 1615 1446 ἐπὰν
1635 1420 1748 1450 mozo-1,
1774 1419 1901 1446 διαλύεται
1924 1421 1936 1446 ὅ
1958 1419 2063 1455 μαλλιίς.
2104 1420 2179 1455 Quae
2202 1421 2245 1449 ita

1350 1457 1498 1486 reddenda
1518 1463 1602 1486 sunt:
1626 1457 1745 1487 Vellera
1765 1458 1843 1486 enim
1864 1458 1971 1487 habent
1986 1458 2118 1488 lanarum
2134 1460 2245 1490 radices

1351 1502 1381 1526 et
1395 1497 1517 1526 vertices
1531 1497 1608 1526 orbis
1622 1497 1652 1525 in
1666 1497 1784 1526 modum
1795 1498 1965 1536 conjuncta:
1987 1504 2017 1527 et
2031 1499 2056 1527 si
2070 1498 2135 1527 lana
2145 1500 2245 1529 evulsa

1351 1542 1405 1571 est,
1417 1537 1510 1565 vellus
1521 1537 1697 1565 dissolvitur.
1709 1537 1730 1566 i.
1740 1547 1766 1566 e.
1778 1538 1861 1566 orbes
1871 1537 1944 1565 lauae
1955 1538 2131 1576 conglobatae
2142 1539 2245 1568 dissol-

1351 1582 1469 1606 vuntur.
1491 1577 1533 1605 Et
1544 1577 1650 1606 diserte
1661 1577 1766 1606 Suidas
1774 1587 1796 1606 s.
1804 1587 1830 1605 v.
1841 1578 2011 1612 Καταστέψον
2016 1578 2096 1613 dicit,
2103 1580 2245 1615 στέμματα

1351 1617 1376 1644 δὲ
1391 1616 1474 1653 ἔλεγον
1487 1619 1530 1645 καὶ
1543 1619 1578 1645 τὰ
1593 1616 1654 1654 ἔρια.
1689 1617 1803 1646 Eodem
1817 1617 1905 1646 modo
1918 1617 2008 1655 igitur
2021 1628 2080 1656 quo
2093 1624 2178 1647 antea
2191 1618 2244 1656 ἔρα,

1350 1666 1428 1685 nunc
1442 1656 1500 1694 ἔριον
1513 1666 1628 1695 quoque
1642 1657 1679 1685 ad
1694 1657 1849 1686 rotundam
1870 1657 1888 1685 fi
2011 1658 2145 1687 refertur.
2187 1659 2246 1688 His

1351 1697 1528 1734 argumentis
1541 1697 1678 1725 inductus
1692 1707 1793 1726 sanum
1807 1707 1869 1726 esse
1879 1697 2023 1726 contendo
2036 1697 2111 1726 illud
2124 1702 2245 1736 σφαῖραν,

1349 1736 1526 1774 minimeque
1539 1737 1711 1765 mutandum
1725 1737 1757 1765 in
1770 1740 1877 1775 σφύραν.
1919 1737 1984 1765 Imo
1995 1738 2136 1776 Hesychii
2150 1741 2249 1777 σφόραν

1349 1776 1380 1804 in
1394 1780 1506 1814 σφαῖραν
1519 1777 1691 1805 mutandum
1713 1787 1774 1806 esse
1793 1777 1917 1805 videtur.
1959 1777 1997 1805 In
2017 1777 2147 1815 ejusdem
2167 1783 2245 1807 certe

1349 1815 1452 1854 glossa,
1474 1826 1538 1854 quae
1561 1817 1659 1845 statim
1679 1817 1819 1855 sequitur,
1835 1816 1867 1844 Δΐ
1886 1819 1926 1854 ῥά.
1946 1818 2076 1854 nepae-m),
2092 1819 2124 1846 αἵ
2135 1829 2198 1851 τινες
2217 1818 2245 1853 δὴ

1349 1855 1472 1893 ἄρχοντες,
1484 1856 1575 1885 latere
1589 1862 1662 1895 puto
1672 1855 1747 1894 Αἷραε
1763 1860 1870 1895 σφαῖρα.
1891 1857 2007 1886 Similes
2021 1857 2099 1886 enim
2112 1863 2181 1886 sunt
2194 1857 2245 1886 lit.

1348 1900 1477 1924 terarum
1491 1896 1596 1925 ductus
1609 1897 1640 1924 in
1651 1901 1770 1924 ΣΦΑΙΡΑ
1781 1901 1811 1924 et
1824 1900 1902 1924 ΣΤΑΙ
1917 1901 1947 1924 Α.

1385 1933 1507 1972 Ἐγγειον.
1528 1936 1628 1974 Χέρσον,
1645 1935 1737 1974 ξηρὰν]
1751 1936 1788 1964 L.
1802 1934 1897 1973 χερσῖὗ.
1911 1935 1991 1974 ξηρόν,·
2009 1941 2043 1965 ut
2057 1936 2162 1965 deinde
2174 1938 2246 1965 'Dul-

1349 1987 1419 2011 γειος,
1434 1976 1519 2011 γῆΐνος.

1386 2013 1502 2048 ”Επηλυς.
1527 2016 1633 2052 Εὕρηται
1656 2017 1725 2052 παρὰ
1749 2016 1911 2050 Ποσειδίππῳ.
1954 2016 2003 2043 Καὶ
2026 2016 2178 2050 ἅντῆλιος,
2202 2017 2247 2045 καὶ

1351 2056 1530 2088 ἀπηλιώτης,
1546 2057 1571 2082 ἐν
1584 2058 1619 2090 τᾷῐ
1634 2055 1657 2089 η’
1669 2055 1712 2083 καὶ
1730 2055 1820 2091 ψιλῶς]
1837 2054 1973 2083 Demiror
1993 2055 2175 2094 interpretes,
2195 2056 2245 2094 qui

1314 2093 1456 2131 Evitium
1482 2094 1669 2123 manifestum
1696 2104 1755 2122 non
1782 2095 1990 2124 observassent.
2031 2095 2111 2133 Lege
2137 2095 2244 2134 igitur:

1346 2132 1459 2168 ”Επηλις.
1480 2135 1576 2171 εὕρηται
1597 2136 1665 2170 παρὰ
1683 2135 1845 2169 Ποσειδίππῳ,
1860 2134 1879 2162 i.
1894 2144 1919 2163 e.
1934 2133 2016 2169 ἕιηλις
2031 2145 2085 2173 pro
2098 2133 2184 2174 ἔφηλις
2196 2145 2245 2165 oc-

1351 2174 1442 2202 currit
1469 2173 1548 2212 apud
1573 2174 1772 2213 Posidippum.
1815 2173 1927 2202 Eadem
1956 2175 2100 2203 sententia
2122 2175 2246 2204 totidem

1350 2213 1412 2242 fere
1426 2213 1520 2242 verbis
1530 2213 1590 2251 jam
1605 2218 1690 2242 antea
1703 2223 1748 2252 ap.
1765 2213 1847 2242 Suid.
1861 2213 1968 2252 legitur
1982 2224 2004 2243 s.
2019 2224 2047 2243 v.
2062 2217 2221 2250 Ἀτηλιῶτηᾳ

1389 2255 1547 2291 Ἐπιφάνεια.
1577 2255 1728 2291 Ἐπιφάνεια
1746 2255 1803 2282 ἐστὶ
1821 2255 1936 2289 σώματος
1953 2255 2035 2292 πέρας,
2047 2253 2062 2282 δ
2075 2255 2103 2283 τὸ
2116 2256 2190 2291 μῆκος
2201 2255 2252 2285 καὶ,

1349 2295 1443 2325 πλάτος
1455 2293 1522 2329 μόνον
1535 2292 1597 2329 ἔχει,
1611 2295 1687 2328 βάθος
1701 2293 1726 2322 δὲ
1740 2294 1777 2329 οη
1794 2293 1881 2331 Diog.
1892 2294 1990 2322 Lae'rt.
1999 2294 2073 2322 VII.
2089 2303 2100 2322 1
2105 2303 2122 2331 3
2125 2302 2152 2332 5.
2167 2294 2247 2324 unde

1350 2333 1411 2361 haec
1425 2333 1512 2361 ducta
1526 2338 1603 2367 sunt,
1614 2338 1648 2362 ut
1659 2333 1773 2368 Suidas,
1785 2333 1971 2371 corrigendus
1981 2338 2036 2368 est,
2047 2337 2179 2373 ἐπιφάνεια
2188 2335 2246 2364 ἐστὶ

1350 2376 1465 2409 σώματος
1477 2374 1559 2410 πέρας,
1572 2372 1586 2400 δ
1599 2375 1672 2410 μῆκος
1685 2374 1728 2401 καὶ
1741 2378 1784 2401 πλ.
1799 2386 1827 2409 μ.
1841 2372 1903 2409 ἔχει.

1390 2414 1564 2450 Ἐρατοσθένης
1579 2434 1585 2440 .
1601 2434 1608 2441 .
1624 2434 1631 2441 .
1646 2415 1686 2442 διὰ
1701 2413 1726 2442 δὲ
1741 2414 1768 2441 τὸ
1787 2415 1928 2450 δευτερεύειν
1941 2415 1966 2441 ἐν
1978 2414 2053 2441 παντὶ
2067 2412 2123 2442 εἴδει
2135 2415 2247 2447 rask&

1350 2456 1399 2485 τοῖς
1412 2452 1490 2489 ἄκροις
1503 2454 1624 2489 ἐγγίσασι
1640 2455 1675 2481 τὰ
1695 2454 1803 2489 βήματα
1821 2453 1954 2489 ἐπεκλήθη]
1970 2453 2006 2481 L.
2019 2457 2070 2486 τοῖς
2082 2453 2161 2492 ἄκροις
2173 2455 2246 2492 ἐγγί-

1314 2489 1339 2517 F
1351 2504 1399 2525 σας
1411 2494 1482 2526 βῆτα
1496 2493 1624 2527 ἐπεκλήθη.

1389 2535 1539 2570 Ἐργαλεῒον.
1561 2531 1649 2570 ’Ἔργον
1668 2533 1712 2571 τι]
1727 2532 1799 2570 Leg.
1819 2535 1950 2570 ἐργαλεῖον.
1971 2523 2037 2570 'iffi'
2055 2545 2081 2560 τι
2094 2532 2113 2561 i.
2128 2542 2153 2562 e.
2171 2531 2245 2571 ’ὄργα-

1349 2572 1481 2640 'Ay⁸ir⁴::--roe.
1516 2611 1678 2650 Ι’Υ“ιιίιιρχε’τω]
1700 2611 1775 2649 Ejus
1799 2611 1901 2650 glossae
1925 2611 2098 2640 senteutiam
2122 2612 2245 2651 exponit

1350 2651 1481 2680 Eustrat.
1496 2651 1527 2679 in
1541 2651 1665 2680 Aristot.
1680 2650 1767 2679 Anal.
1782 2656 1857 2690 post.
1871 2651 1891 2679 l.
1906 2651 1948 2679 11.
1963 2651 2013 2679 fol.
2030 2660 2077 2679 21.
2091 2652 2175 2680 a—b.
2196 2654 2209 2679 ὃ
2221 2654 2242 2680 δ’
2295 2659 2300 2664 “

1349 2694 1490 2723 ὑποθετικῧς
1502 2692 1554 2728 περὶ
1568 2695 1610 2718 τοῦ
1622 2691 1672 2727 ’ὅρου
1686 2691 1882 2727 συλλογιζόμενος
1894 2692 1955 2718 οὕτω
1967 2694 2036 2718 ποιεῖ.
2057 2692 2098 2718 διὰ
2111 2691 2183 2719 roffi-6
2193 2696 2244 2729 φη-

1349 2743 1396 2764 σιν,
1412 2730 1477 2758 ἔστω
1491 2731 1516 2758 δὲ
1530 2731 1571 2758 καὶ
1585 2732 1686 2759 δεδόσθω
1704 2731 1732 2758 τὸ
1750 2731 1889 2766 λαμβάνειν
1901 2732 1934 2762 εἰς
1948 2730 1976 2757 τὸ
1993 2728 2071 2762 δεῖξαι
2085 2731 2126 2758 τὶν
2138 2732 2243 2768 ὁρισμὸν,

1350 2771 1428 2807 ὥσπερ
1441 2771 1483 2797 καὶ
1498 2773 1523 2797 ἐν
1536 2773 1593 2801 ταῖς
1604 2769 1743 2802 ἀποδείξεσι
1761 2770 1866 2805 γίνεται.
1886 2770 1950 2802 πλὴν
1969 2772 1995 2797 οὖ
2012 2773 2118 2797 τοιαῦτα
2131 2772 2170 2799 δεῖ
2178 2783 2244 2807 μαν-

1349 2811 1436 2842 θάνειν,
1452 2808 1496 2836 οἷον
1508 2811 1520 2837 ὃ
1532 2811 1672 2841 {moon-uc&
1685 2811 1794 2837 ἐνταῦθα
1807 2809 2003 2845 συλλογιζόμενος
2015 2809 2123 2847 εἴληφεν.

1390 2850 1519 2876 Εὗδείελον.
1541 2849 1732 2886 Εὗπεριόριστον]
1747 2848 1877 2887 Hesych.
1892 2849 2036 2886 εὐπόριστον.
2066 2849 2199 2888 Utroque
2212 2849 2244 2878 in

1379 2898 1412 2916 co
1427 2898 1533 2926 repone
1547 2889 1715 2926 εὖπεριόρατον.

1389 2928 1495 2962 Εὒήλιος.
1515 2930 1547 2955 ‘0
1557 2928 1678 2967 καθαρὸς]
1689 2929 1792 2956 Furta
1807 2928 1898 2966 θερμὸς,
1909 2932 1944 2956 ut
1957 2932 2043 2957 antea
2056 2928 2152 2962 Εῧειλις
2165 2928 2244 2962 rhu,

1348 2969 1360 2996 ὅ
1373 2967 1463 3004 θερμός-

1389 3009 1498 3045 Εὸρημα.
1527 3009 1691 3044 Ἐπίτευγμα,
1711 3007 1849 3044 βούλευμα]
1868 3007 1904 3035 L.
1924 3007 2083 3043 ἐπιτήδευμα,
2107 3009 2242 3044 βούλευμα.

1350 3047 1399 3075 Sic
1423 3047 1522 3076 statim
1546 3048 1677 3086 sequitur
1700 3048 1743 3076 καὶ
1766 3048 1903 3085 εὑρήματα.
1924 3049 2118 3084 ἐπιτηδεύματα,
2140 3048 2244 3082 βουλεύ-

1348 3098 1431 3123 ματα.

1389 3126 1523 3163 Εὒρυόδεια.
1543 3130 1577 3155 Ἥ
1592 3130 1703 3155 πλατεῖα
1716 3126 1776 3163 ἕδος]
1791 3125 1933 3154 Minime:
1949 3126 2065 3163 εὒρυόδεια
2078 3130 2123 3154 est
2136 3135 2242 3155 nomen

1348 3165 1532 3203 adjectivum.
1562 3167 1643 3195 Corr.
1654 3167 1787 3204 Εὐρυόδεια.
1808 3167 1823 3200 ἡ
1835 3167 2033 3203 τλατυάμφοδος,
2047 3170 2082 3193 ut
2096 3175 2184 3204 supra
2194 3169 2242 3195 Εὖ.

1347 3208 1459 3242 ρυάγυια,
1473 3208 1672 3244 πλατυάμιφοδος.
1702 3205 1974 3235 Manifestissimum
1987 3204 2075 3233 etiam
2089 3215 2242 3243 argumen-

404 3252 471 3281 que,
486 3243 537 3271 sed
555 3243 613 3271 duo
634 3250 748 3272 tantum
770 3255 857 3283 opera
876 3245 934 3273 illis
957 3245 1055 3274 Suidae
1069 3246 1164 3274 verbis
1177 3245 1297 3274 indicari
1308 3255 1336 3283 H
1348 3250 1410 3273 tum
1426 3250 1479 3279 est,
1491 3245 1571 3284 quod
1584 3251 1650 3284 post
1661 3256 1688 3274 v.
1698 3246 1781 3284 Εὕρους
1793 3244 1997 3283 interpositum
2007 3249 2062 3279 est,
2072 3245 2206 3283 Εὐρυίδεια.
2226 3245 2243 3280 ¹⁸!

405 3282 527 3315 credam,
547 3292 669 3319 quorum
692 3284 814 3312 alterum
840 3285 1079 3323 complecteretur
1103 3294 1188 3313 omne
1212 3295 1298 3323 argu·
1347 3287 1546 3323 πλατυάμφοδος.

404 3327 535 3350 mentum
554 3322 684 3356 Iliacum,
700 3323 823 3352 alterum
838 3334 905 3353 vero
920 3334 963 3359 ea,
978 3335 1042 3362 quae
1061 3330 1161 3363 postea
1180 3324 1297 3353 accidis-

405 3367 477 3390 sent.
519 3361 600 3399 Lego
622 3362 728 3400 igitur:
751 3364 847 3397 Δίκτυς,
869 3365 990 3402 ἱστορικός.
1012 3364 1119 3401 ἔγραψεν
1138 3366 1298 3401 Μεθομηρικά

406 3400 655 3436 (ΜΕΘΟΜΗΡΙΚΑ
669 3411 722 3440 pro
732 3404 962 3442 ‘EQHMEPIAAQ
974 3403 1030 3432 ἔστι
1041 3405 1066 3432 δὲ
1081 3406 1115 3432 τὰ
1128 3406 1182 3441 μεθ’
1192 3404 1297 3441 Ὅμηρον

1388 3327 1552 3362 Εὔτρατελία.
1573 3327 1717 3363 μωρολογία,
1732 3324 1859 3362 κωφότης,
1873 3325 2031 3352 ἀπαιδευσία.
2057 3323 2089 3352 ‘0
2102 3324 2129 3353 δὲ
2142 3328 2241 3353 Πτολε·

1345 3368 1418 3400 μαΐος
1431 3367 1527 3398 πάντας
1545 3366 1670 3393 ἐκέλευσεν
1687 3365 1862 3401 ἀνακροτῆσαι,
1881 3365 1924 3397 τ’ῆς
1943 3365 2104 3401 εὐτραπελίας
2122 3364 2240 3399 &sobezl-

1346 3416 1414 3441 μενος
1427 3405 1530 3443 αὐτοὺς]
1545 3408 1565 3421 “
1575 3403 1709 3438 Facetiae,
1716 3404 1775 3442 joci
1789 3403 1896 3432 mimici
1913 3404 2085 3441 (μιμοληία),
2100 3413 2184 3442 nugae
2198 3403 2240 3432 le-
