2508 4048
267 354 374 395 2273
653 340 698 380 A
732 339 776 379 A

316 435 513 470 ΛΑοτΡιιόΣε
542 436 587 468 Ἠ
603 431 775 479 ἂδηφαγιά,
793 430 844 467 καὶ
860 433 880 476 ἦ
904 430 1000 479 kvrpoc
1022 447 1062 465 τα
1080 430 1164 466 ἐδέσ-

264 501 352 531 ματα
374 484 565 520 πολυτέλεια·
600 482 765 523 τουτέστιν,
783 480 1030 543 ἐκδεδιῃτημένη
1037 496 1086 515 και
1112 496 1165 516 πο-

265 534 397 578 λυτελης
411 533 533 581 1τροφῆ.
574 531 618 568 Το
637 532 801 576 ἀπλήστως
820 518 936 567 ἐσθιειν.
986 527 1150 569 Ei'ntokc'
1137 546 1165 565 εν

266 583 393 625 Κὸλοιξι·

386 639 557 675 Λαφῦσσεται
571 637 704 675 λαφυγμὸν
716 638 820 674 ἀνδρεῖον
834 636 906 663 πάνυ.

266 689 291 705 ¹¹¹
299 679 362 717 Καὶ
377 682 524 728 Ὄμηρος·

385 735 436 763 Καὶ
449 733 548 771 ἔγκατα
561 736 648 762 πάντα
661 736 801 772 λαφύσσει.

292 791 295 793 ’
313 778 489 816 ΛΛοῶΞΛΣε
517 779 752 825 Διασπαράξας,
784 777 915 823 ἀφειδῶς
948 777 1165 823 θοινησάμενος.

264 827 416 869 Αἳλιανός·

304 883 378 912 Οὗτοι
392 885 413 911 οἱ
425 883 493 911 ἀετοὶ
507 887 524 903 ¹¹
532 879 670 919 λαφιΐξουσι
683 884 732 909 rau
745 882 887 919 ἐλεφάντων
900 882 936 908 τὰ
950 881 1098 916 σπλάγχνα.

264 926 376 968 Asiba.
393 926 452 967 τὰς
469 924 618 973 σημαίας.

305 998 358 1023 0οἶ
378 995 402 1023 δὲ
421 994 518 1032 Πέρσαι
537 993 630 1031 φρέασι
649 991 825 1029 περιτυχόντες,
845 994 1026 1044 λαφύττουσιν.
1035 992 1166 1026 ἀπληστό-

264 1048 339 1073 τερον,
353 1036 396 1064 καὶ
409 1038 434 1068 ἐς
445 1035 515 1071 με’·γα
528 1037 603 1062 κακοῦ
616 1034 778 1065 ἀποκλίνουσι,
789 1034 833 1066 τῆς
845 1033 938 1065 κοιλίας
951 1035 1034 1064 αὐτοῖς
1043 1037 1076 1070 τῇ
1088 1032 1166 1070 ἀθρόα

263 1080 306 1104 τοῦ
319 1077 404 1108 ὕδατος
416 1076 510 1112 ἐμβολῇ
523 1075 650 1111 διενεγκεῖν
662 1076 703 1101 οὐκ
715 1075 816 1109 ἐχούσης
828 1084 870 1100 τοι.-
884 1073 1094 1126 ἐπιφορτισθέντος
1106 1074 1166 1100 υδα-

264 1129 304 1149 τος
316 1129 360 1151 την
374 1117 537 1149 Ρῶντίληψιν.

314 1170 468 1206 Axmm:
494 1170 546 1205 Τα
571 1185 604 1205 εκ
629 1174 684 1205 τῶν
708 1168 857 1216 πολεμιων
882 1185 926 1204 ετι
954 1167 1060 1212 ζῶντων
1082 1176 1170 1215 λαμ-·

265 1220 425 1268 βανὸμενα·
452 1237 494 1255 τα
519 1219 551 1255 δὲ
576 1223 631 1255 τῶν
657 1218 815 1255 τεθνεώτων
843 1218 947 1262 αὑτῶν,
978 1234 1083 1254 ΣκτΛΑ
1114 1219 1166 1254 λε’-

264 1287 366 1319 γεται.

315 1320 521 1356 ΛΑοῶΣτιοΣε

315 1368 515 1405 AAxnuziA:

316 1421 525 1455 Axxmupdn
540 1433 548 1455 :

316 1468 570 1506 Auxuiznxom
584 1482 592 1503 :

550 1322 590 1354 *O
608 1318 788 1367 λαίμαργος.

621 1467 699 1504 *Arri
717 1473 768 1504 τοῦ
791 1469 914 1516 λάχανα
933 1468 1101 1515 συλλέγειν·
1128 1467 1166 1507 ὥς

265 1618 332 1652 tius,
345 1619 415 1651 τόπος
427 1620 471 1652 τῆς
482 1620 605 1652 Ἀττικῆς,
621 1621 646 1646 ἐν
660 1617 678 1654 ᾧ
691 1621 727 1646 τὰ
740 1621 856 1656 ἀργύρεια
869 1616 897 1653 ἧν
910 1619 1041 1655 μέταλλα.
1063 1618 1166 1647 Statim

267 1659 355 1688 delevi
370 1663 511 1687 AAQPIA:
535 1660 640 1686 Βαθεῒα.
681 1662 720 1696 Τῇ
737 1660 802 1696 τριχὶ
819 1662 940 1695 κομᾶἳντα,
955 1659 998 1687 καὶ
1011 1659 1108 1696 ’γηραιὸν
1121 1671 1166 1687 πο-

265 1705 320 1735 λιᾷ.
355 1702 464 1727 Πλοῦτον
481 1696 542 1726 εἶναι
561 1699 606 1733 τὴν
621 1701 737 1737 Λαφρίαν
750 1698 876 1736 Ἄρτεμιν,
900 1708 965 1727 cum
979 1699 1052 1727 A.V.
1097 1698 1167 1727 Vide

267 1749 350 1778 supra
364 1749 389 1767 v.
404 1740 511 1768 Βαθεῖα.

307 1783 508 1808 ΔΑΦΎΓΜΟΣε
531 1781 564 1806 Ἡ
579 1779 739 1816 ἀδδηφωγΙα]
757 1779 800 1807 Ex
817 1778 913 1808 Schol.
930 1778 1072 1817 Aristoph.
1088 1779 1166 1808 Nub.

266 1828 316 1858 5²·
337 1819 455 1848 KUST.
489 1821 622 1858 αόηφωγᾶι
635 1819 707 1847 A.v.

307 1859 327 1882 k
339 1860 405 1898 περὶ]
419 1861 474 1898 πρὸς
487 1860 645 1888 A.V.E.M.
677 1859 748 1888 Mox
766 1861 809 1888 καὶ
828 1865 895 1888 ante
913 1861 1047 1895 πολυτελὴς
1059 1870 1117 1888 om.
1133 1861 1167 1888 A.

306 1941 317 1964 l
329 1942 420 1979 τροφὴ]
435 1942 514 1979 τρυφὴ
526 1940 596 1969 Α.Β.
612 1936 688 1979 «[ρῖφῆ
701 1941 736 1970 Ε.
760 1941 830 1969 Μοιι
845 1940 980 1970 excidisse
994 1940 1103 1970 videtur
1116 1946 1166 1969 λα-

290 1994 382 2010 vovcw-

267 1987 289 2020 φ
309 2029 335 2045 ¹¹¹
350 2023 402 2050 Ka)
410 2021 527 2060 Ὅμηρος]
544 2021 579 2050 Il.
594 2022 628 2049 λ’.
644 2022 708 2059 176.
730 2021 846 2050 KUST.

308 2063 478 2099 ΔΑΦΤΕΑΣ]
505 2062 531 2091 L
531 2062 649 2101 y.cophr
667 2063 746 2091 Cass.
763 2071 799 2099 3²
809 2071 831 2090 ι.
857 2068 887 2090 et
914 2061 1122 2101 συλλαφόξαντες
1143 2073 1166 2091 ν.

272 2103 537 2139 1267.RE1NES.

310 2142 492 2182 ὓλαφόξουσι]
507 2142 646 2182 φυλᾴξουσι
661 2143 697 2172 Ε.

308 2190 324 2206 ⁰
337 2187 370 2212 Οἳ
384 2184 409 2212 δὲ
421 2184 531 2221 Πέρσαι]
548 2183 743 2221 Depromptus
757 2189 802 2211 est
815 2182 860 2212 hic
873 2178 952 2211 locus
963 2193 996 2212 ex
1007 2183 1167 2222 Theophyl.

269 2224 432 2253 Simocattae
447 2223 557 2252 Histor.
572 2224 611 2251 ΙΙ.
628 2231 655 2260 5.
670 2223 706 2252 de
719 2233 775 2261 quo
790 2233 842 2251 nos
861 2223 896 2251 ad
911 2223 1026 2252 Suidam
1041 2234 1066 2252 v.
1082 2228 1168 2252 Κελα-

268 2267 339 2303 ρύζει.
374 2265 475 2292 Graeca
495 2263 536 2291 ita
549 2263 682 2292 vertenda
702 2270 786 2291 sunt.
810 2264 902 2292 Persae
919 2268 1011 2292 autem
1032 2265 1061 2292 in
1073 2264 1169 2301 fontes

269 2306 424 2337 incidentes,
440 2307 467 2331 et
485 2304 591 2332 avidius
609 2304 771 2337 haurientes,
787 2305 814 2331 in
834 2305 938 2332 malum
955 2314 1010 2332 non
1029 2305 1168 2332 minimum

268 2346 432 2379 incur-rum,-
453 2345 518 2381 quia
537 2348 632 2372 venter
650 2353 752 2377 eorum,
771 2348 884 2381 propter
901 2345 953 2372 vim
976 2354 1053 2381 aquae
1074 2346 1169 2381 ingru-

269 2387 346 2418 entis,
361 2394 462 2422 aquam
476 2384 699 2421 ingestamferre
709 2394 764 2412 mm
775 2388 897 2421 poterat.
919 2385 1036 2413 TOUP.

310 2432 326 2455 Ρ
339 2425 484 2461 ἀντίληψιν]
501 2426 635 2453 ἀντίτασιν
648 2424 685 2452 V.
712 2427 803 2452 ἀντιλ”
815 2425 852 2452 Ε.

310 2466 512 2502 ΛΑΦΤΣΤΙΟΣ]
531 2464 673 2503 Lycophr.
687 2472 754 2502 215.
775 2466 928 2503 λαφυστίαις
940 2467 1045 2502 γνάθοις.

310 2506 537 2541 ΛΑΧΑΝΩΝΟΣ]
555 2504 602 2533 Sic
617 2505 687 2532 A.V.

310 2549 503 2574 AAXANOIE:
519 2549 574 2578 Τοῖς
585 2545 787 2581 λαχανοπωλῶις]
800 2544 894 2573 Alexis
908 2545 982 2583 apud
999 2546 1167 2574 Athenaeum

269 2587 318 2616 lib.
329 2586 412 2614 VIII.
420 2596 448 2624 p.
458 2594 474 2623 3
479 2586 527 2622 38.
549 2585 615 2613 ὥστε
628 2587 724 2623 γίνεται
734 2585 775 2613 Ἐν
788 2589 837 2618 τοῖς
850 2587 968 2621 λαχάνοις
980 2587 1008 2614 τὸ
1022 2587 1100 2615 λοιπον
1111 2587 1168 2622 ἡμῖν

269 2629 285 2662 ἦ
298 2629 379 2664 μάχη.
401 2625 460 2655 Ubi
473 2629 498 2654 ἐν
508 2629 558 2659 τοῖς
571 2628 688 2662 λαχάνοις
701 2632 745 2654 est
753 2627 781 2653 in
782 2626 852 2664 soro
862 2627 908 2654 ubi
918 2627 994 2654 olera
1004 2629 1166 2656 venduntur.

272 2669 306 2697 In
327 2668 374 2695 the
391 2666 773 2705 herb-market.1uterpres
794 2676 853 2694 non
874 2666 1022 2696 intellexit.
1064 2667 1169 2696 Confer

271 2718 334 2747 quae
343 2707 506 2746 scripsimus
516 2707 545 2735 in
556 2707 638 2736 Curis
650 2707 758 2735 Poster.
769 2707 804 2735 ad
815 2707 960 2735 Theocrit.
972 2718 999 2746 p.
1007 2708 1053 2736 28.
1075 2709 1169 2746 Atque

270 2749 307 2777 ad
322 2749 397 2777 hunc
408 2747 502 2776 locum
512 2747 621 2776 Comici
633 2748 787 2786 respexisse
795 2746 904 2776 videtur
918 2747 1027 2776 Suidas.
1048 2748 1167 2777 TOUP.

271 2790 366 2818 Immo
380 2788 502 2827 respexit
514 2787 657 2826 Aristoph.
673 2788 741 2827 Lys.
755 2788 822 2825 556.
846 2793 877 2816 ut
891 2794 970 2826 patet
984 2798 1001 2817 e
1016 2789 1110 2817 Schol.

311 2833 396 2862 (ιΤοῖς
414 2829 616 2866 λαχανηωλίοις]
634 2824 680 2857 Sic
700 2820 778 2857 'recte
798 2838 865 2858 mss.
881 2828 968 2857 Paris.
1003 2830 1041 2858 At
1063 2828 1169 2867 priores

271 2869 351 2898 editt.
364 2881 413 2902 τοις
426 2871 625 2905 λαχανοπῶλοιςτ
649 2869 724 2906 quod
743 2868 910 2897 mendosum
929 2875 981 2898 est
1025 2869 1170 2909 Significat

272 2910 319 2939 hic
338 2909 414 2938 euim
433 2911 559 2945 λαχάνοις,
580 2910 608 2937 in
623 2909 700 2947 foro,
716 2910 746 2937 in
764 2919 817 2946 quo
837 2910 910 2938 οων-α
925 2911 1100 2938 venduntur:
1121 2919 1170 2938 eo-

271 2951 336 2979 dem
352 2949 437 2978 modo
450 2959 508 2987 quo
525 2953 551 2978 ἐν
567 2951 632 2987 μόρῳ
652 2949 726 2988 apud
741 2949 852 2978 Atticos
872 2949 976 2979 dicitur
995 2961 1047 2988 pro
1061 2954 1086 2978 ἐν
1098 2962 1170 2988 μυρο-

270 2992 381 3026 πωλείῳ;
403 2993 428 3018 ἑν
441 2991 550 3027 χύτραις,
565 2999 616 3028 pro
629 2993 654 3018 ἐν
672 2992 854 3028 χυτροπωλείῳς
878 2993 904 3018 ἐν
917 2993 1008 3026 ἰχθύσι,
1026 3001 1076 3029 pro
1090 2994 1115 3019 ἐν
1130 2994 1169 3026 ι’χ-

272 3032 413 3066 θυοιτωλείφ,
428 3036 458 3059 et
471 3036 604 3058 sexcenta
617 3029 671 3058 alia
686 3031 768 3069 hujus
782 3030 903 3070 generis.
934 3030 1004 3059 Vide
1019 3041 1071 3059 nos
1086 3040 1170 3069 supra

273 3071 308 3100 ad
323 3081 348 3099 v.
363 3075 472 3108 Δειγμα.
493 3071 610 3099 KUST.

308 3115 325 3134 ¹·
339 3112 430 3145 πολλην
439 3113 544 3148 εὐορκίαν
554 3112 678 3148 enatem]
693 3111 800 3140 Eadem
813 3111 1025 3150 leguntur-infra
1037 3121 1062 3140 v.
1078 3113 1126 3139 Μὰ
1136 3114 1171 3139 τὰ

1605 336 1725 377 ΛΑ

1175 436 1199 464 Α
1215 428 1397 473 ξυλιζεσθαι,
1414 444 1465 463 και
1481 425 1725 473 φρυγανιζεσθαι.

1266 479 1496 514 ΛΛΧᾸΝαΝοΣε

1266 527 1463 564 AAXAuotz:
1491 534 1586 570 ΨΓοῖς
1603 529 1848 577 λαχανοπωλίοις.

1259 589 1338 625 [JOTI
1355 586 1461 620 ι“ἰόλλ·))ι«
1478 589 1584 625 εὖορκίαν
1597 589 1791 623 ἐπιδεικνύμενοι,
1806 589 1861 625 πρὸς
1881 591 1986 625 λάχανα
2006 593 2112 627 ὀμνύουσι

1215 632 1254 665 μὰ
1267 630 1303 656 τὰ
1316 629 1428 662 λάχανα,
1445 639 1488 654 και
1502 630 1558 664 Spa&
1572 631 1608 656 τὰ
1621 630 1690 656 καλὰ
1704 628 1836 665 λέγοντες.]

1266 675 1438 717 ΛΑΧΛΡΒΣ,
1462 677 1651 724 ιΛαχάρους,
1679 680 1836 720 Ἁθηναιος,
1863 680 2023 724 σοφιστής·
2051 696 2114 726 μα-

1216 727 1306 771 θητὴς
1323 725 1576 772 Ἡρακλέωνος,“
1586 726 1741 769 Ἀθηναίω
1769 727 1950 768 διδάσκαλος
1974 729 2004 764 δε
2026 729 2113 765 πλει-

1178 788 1302 852 Βστων·
1322 773 1436 839 ἐνδόξων
1454 774 1497 818 δὲ,
1516 774 1690 820 Ευστεφῖου
1707 792 1757 811 και
1775 778 1926 813 Νικολάου
1942 777 1992 814 καὶ
2009 782 2114 815 Ἀστε-

1178 824 1286 875 Βριου·
1312 825 1459 871 ἀκμάσας
1490 823 1541 860 ἐπί
1567 840 1602 861 τε
1629 828 1801 886 Μαρκιανου
1831 842 1881 861 και
1911 827 2034 868 Λέοντος
2059 834 2114 864 τῶν

1217 873 1381 919 βασιλεων.
1417 875 1583 922 ΧνΕγραψε
1601 873 1681 923 Περι
1697 874 1802 916 κωλου,
1817 891 1867 910 και
1880 875 2045 923 κόμματος,
2062 894 2113 914 και

1215 924 1360 974 περιόδου,
1388 924 1560 966 Διαλεξεις,
1590 924 1738 973 Ιστοριαν
1763 940 1816 968 την
1842 925 1921 960 κατὰ
1948 929 2113 974 Κορνουτον,

1218 941 1377 1021 Ἐκλογᾶς
1392 974 1550 1022 ῥητορικας
1566 990 1646 1010 κατα
1664 979 1821 1022 στοιχεῖον.

1265 1026 1342 1059 ὌΤι
1359 1024 1395 1053 5
1381 1039 1395 1058 ο
1412 1025 1562 1086 Λαχάρης
1586 1025 1601 1059 o‘
1627 1024 1780 1070 σοφιστης
1803 1023 1984 1087 ,Bpa3vrep05
2007 1041 2063 1071 μεν
2082 1025 2116 1069 ἦν
2159 1053 2161 1058 .

1215 1090 1288 1123 προς
1304 1089 1373 1113 τους
1390 1072 1508 1120 λόγους,
1525 1072 1618 1113 καλος
1635 1074 1666 1109 ὃε
1683 1090 1735 1109 και
1752 1072 1863 1120 ἀγαθος
1879 1090 1932 1117 την
1949 1072 2022 1117 οψιν·
2044 1090 2115 1123 προς

1216 1124 1321 1172 οἷρετην
1351 1122 1523 1169 φιλόσοφος
1551 1123 1633 1164 αξιος
1666 1127 1824 1159 καλεῖσθαι
1854 1130 1982 1170 μᾶλλον,
2011 1141 2030 1167 η
2064 1140 2115 1160 σο-

1216 1174 1343 1219 φιστής·
1370 1171 1402 1212 ὃς
1428 1188 1474 1233 γε
1492 1189 1550 1212 τας
1575 1171 1658 1215 οψεις
1683 1174 1856 1216 ἀποβαλων,
1878 1175 1970 1209 πάλιν
1994 1174 2116 1218 ἀνεκτή-

1217 1239 1303 1265 σατο,
1322 1221 1406 1258 zenez
1423 1238 1474 1257 και
1492 1222 1593 1262 αλλως
1610 1222 1786 1268 θεοφιληςτ
1768 1239 1802 1267 ην
1820 1224 1834 1258 o‘
1851 1224 1931 1272 ἀνήρ.

1266 1273 1396 1308 AAxmA
1416 1286 1479 1308 ru:
1507 1277 1654 1321 Βραχεια.

1266 1322 1398 1358 Axxnm
1418 1321 1545 1358 Aixnn:
1568 1324 1782 1358 ’Δικάσασθαι.

1265 1373 1408 1408 ΛᾸΧΝΗε
1438 1371 1622 1420 a'l'pr‘xwmc.
1674 1372 1806 1419 Λέγεται
1824 1372 1855 1407 δὲ
1872 1371 1923 1407 καὶ
1940 1374 1953 1407 ὅ
1970 1377 2024 1416 τῆς
2042 1371 2112 1408 Βθα-

1216 1423 1338 1466 λάσσης
1355 1420 1461 1469 ἀφρός·
1690 1431 1693 1439 '

2004 354 2111 397 2274

1179 1601 1301 1651 Debare
1317 1621 1455 1658 judicium
1475 1621 1618 1650 Damascii
1639 1621 1725 1649 habes
1746 1621 1820 1659 apud
1836 1620 1971 1649 Photium
1987 1631 2015 1659 p.
2032 1630 2115 1659 ¹045·

1218 1668 1246 1691 et
1267 1661 1379 1700 plenius
1400 1662 1475 1700 apud
1496 1661 1588 1700 ipsum
1608 1661 1723 1690 Suidam
1746 1660 1819 1689 infra
1833 1671 1858 1690 v.
1873 1663 2044 1699 Σονιιηριανός;
2068 1662 2115 1699 qui

1218 1703 1298 1731 locus
1312 1701 1430 1730 omnino
1445 1702 1634 1730 conferendus
1648 1708 1700 1730 est.
1723 1701 1839 1730 KUST.

1259 1742 1297 1771 ib.
1313 1741 1437 1771 Alterius
1454 1742 1561 1771 mentio
1581 1741 1609 1770 in
1619 1740 1762 1779 Ἐγκειται.
1798 1741 1933 1770 Meminit
1954 1741 1981 1769 in
1998 1742 2117 1774 Νικόλαος

1218 1785 1313 1820 Μύρων.
1341 1785 1505 1821 Μητροφάνης
1517 1782 1608 1818 ἔκγονος
1621 1784 1758 1820 Λαχάρους.
1781 1782 1941 1820 Σουπηριανὸς.
1966 1782 2116 1811 HEMST.

1259 1825 1270 1844 t
1284 1824 1423 1861 Λαχάρους]
1439 1825 1529 1859 λάχους
1538 1823 1573 1851 V.
1589 1833 1647 1851 om.
1659 1824 1693 1851 A.

1260 1869 1277 1885 U
1291 1867 1411 1902 σοφιστοῦ
1424 1863 1562 1900 Ἀθηναίου]
1578 1867 1699 1901 σοφιστοῦ
1714 1873 1770 1891 om.
1787 1863 1933 1891 A.B.V.E.

1260 1910 1275 1925 Χ
1284 1902 1414 1942 Ἔγραψε]
1430 1904 1455 1932 δὲ
1470 1903 1548 1932 addit
1562 1904 1597 1932 V.

1259 1950 1275 1973 y
1289 1946 1300 1971 ὅ
1314 1946 1432 1982 Λαχάρης
1451 1946 1462 1972 ὅ
1485 1945 1607 1982 σοφιστὴς
1624 1944 1709 1981 βραδ]
1726 1942 1784 1972 Hic
1806 1943 1884 1972 locus
1904 1944 1989 1983 longe
2010 1943 2118 1972 auctior

1179 1990 1205 2017 Ε
1219 1984 1354 2022 repetitur
1381 1984 1453 2012 infra
1481 1985 1700 2021 ν.,Σουπηριανο’ςε
1729 1983 1776 2012 ubi
1804 1993 1960 2017 monemus,
1990 1984 2117 2023 eclogam

1220 2025 1293 2053 hanc
1307 2034 1340 2054 ex
1357 2024 1510 2054 Damascio
1525 2024 1724 2063 depromptum
1740 2033 1810 2052 esse.
1832 2024 1949 2053 KUST.

1260 2071 1273 2086 Ζ
1287 2066 1338 2093 ἐπεὶ
1352 2066 1493 2102 καὶ-ἀνὴρ
1507 2063 1535 2100 ἦν
1551 2064 1616 2101 (sic)
1633 2066 1668 2094 A.
1683 2064 1780 2093 inserit
1793 2070 1860 2093 ante
1872 2064 1896 2098 ὅς
1908 2077 1947 2101 γε.

1259 2106 1398 2142 AAXEIA]
1413 2106 1490 2134 Usus
1511 2111 1556 2134 est
1576 2106 1631 2144 hac
1651 2114 1719 2133 voce
1735 2105 1878 2133 Homerus
1893 2105 1996 2143 Odyss.
2011 2102 2036 2132 ι’.
2053 2114 2063 2132 ι
2073 2105 2116 2134 16.

1219 2147 1300 2179 Νῆσος
1312 2145 1400 2174 ἔπειτα
1414 2147 1510 2181 λάχεια
1522 2145 1600 2183 παρὲκ
1615 2146 1709 2181 λιμένος
1721 2147 1883 2173 τετάνυσται.
1912 2144 2068 2173 Scholiasta
2082 2145 2117 2173 ad

1218 2195 1284 2214 eum
1299 2185 1393 2214 locum
1406 2197 1412 2213 :
1436 2187 1536 2221 Λάχεια
1549 2197 1555 2213 :
1579 2185 1668 2222 εὔγειος
1680 2186 1723 2213 καὶ
1743 2185 1871 2223 εὕσκαφο(
1893 2186 2061 2221 λαχαίνεσθαι
2074 2186 2118 2213 καὶ

1219 2227 1378 2254 σκάπτειν-θαι
1393 2227 1519 2262 δυναμένη.
1561 2226 1672 2254 Eodem
1691 2225 1777 2256 modo
1793 2234 1889 2253 vocem
1909 2225 1982 2254 hanc
2001 2225 2117 2263 exponit

1219 2265 1388 2304 Hesychius.
1418 2265 1585 2294 Notandum
1601 2272 1695 2294 tamen
1710 2272 1761 2299 est,
1777 2265 1850 2303 apud
1865 2266 2024 2294 Homerum
2041 2265 2116 2294 dicto

1219 2306 1282 2334 loco
1307 2316 1358 2344 pro
1386 2305 1474 2334 ἔπειτα
1498 2308 1600 2341 λάχεια,
1626 2305 1743 2334 minima
1769 2306 1927 2334 mutatione
1953 2305 2039 2334 etiam
2061 2305 2116 2344 legi

1218 2356 1311 2385 posse,
1323 2346 1399 2374 ἔπειτ’
1410 2348 1536 2382 ἐλάχεια·;
1559 2347 1595 2374 ab
1609 2348 1710 2381 ἐλαχὺς,
1721 2355 1825 2383 parvus
1835 2359 1845 2380 ‚-
1866 2345 1946 2382 cujus
1960 2346 2059 2381 θηλυκὸν
2073 2352 2117 2374 est

1217 2389 1333 2422 ἐλάχεια,
1357 2386 1400 2415 vel
1423 2389 1539 2423 ἐλαχεῖα.
1581 2387 1622 2414 Et
1648 2395 1717 2414 sane
1744 2385 1784 2415 sic
1805 2385 1873 2414 olim
1898 2386 1973 2425 apud
1997 2386 2115 2414 Poetam

1218 2427 1353 2465 quosdam
1373 2426 1482 2466 legisse,
1497 2426 1601 2465 colligo
1621 2436 1654 2454 ex
1670 2426 1756 2454 modo
1770 2426 1884 2455 laudato
1899 2425 2052 2465 Hesychiu,
2067 2425 2115 2464 qui

1219 2476 1286 2495 voce
1296 2470 1408 2503 Ἐλαχία
1422 2468 1482 2496 haec
1496 2467 1598 2495 habet:
1623 2468 1742 2501 Ἐλαχία,
1756 2466 1859 2503 (scribe
1873 2469 1989 2502 ἐλαχεῖα,
1999 2466 2042 2494 vel
2056 2469 2117 2494 ἐλά-

1218 2507 1302 2543 χεια,)
1317 2507 1431 2544 μικρὰ,ἥ
1451 2509 1578 2544 βαθύγειος
1598 2507 1642 2534 καὶ
1662 2506 1756 2542 εὔγειος.
1799 2506 1842 2534 Ibi
1863 2506 1938 2534 enim
1952 2503 2116 2545 grammati-

1218 2557 1267 2576 cus
1282 2547 1335 2576 iste
1347 2547 1416 2575 duas
1431 2547 1552 2576 diversas
1566 2546 1703 2575 lectiones
1722 2545 1791 2575 dicti
1811 2546 1867 2575 loci
1882 2546 2041 2579 Homerici,
2054 2549 2115 2575 ἐλά-

1217 2600 1277 2624 χεια
1291 2594 1320 2616 et
1333 2589 1436 2624 λάχεια,
1452 2587 1480 2615 in
1503 2594 1599 2616 mente
1621 2586 1751 2615 habuisse
1771 2586 1897 2620 videtur;
1920 2586 2053 2625 quoniam
2073 2586 2116 2614 in-

1219 2627 1384 2666 terpretatio
1401 2630 1476 2666 μικρὰ
1497 2627 1650 2666 respondet
1672 2626 1785 2665 quidem
1804 2626 1867 2656 voci
1890 2630 2016 2663 ἐλάχειαε
2040 2632 2070 2656 at
2089 2628 2116 2655 τὸ

1218 2670 1347 2705 βαθύγειος
1369 2670 1412 2696 καὶ
1436 2669 1525 2706 εὔγειος
1547 2667 1723 2696 referendum
1747 2673 1791 2696 est
1814 2668 1848 2696 ad
1873 2670 1975 2704 λάχεια.
2018 2668 2118 2703 Solent

1218 2708 1294 2737 enim
1311 2708 1452 2737 interdum
1473 2707 1650 2747 grammatici
1666 2708 1714 2736 uni
1731 2708 1791 2736 voci
1811 2707 2011 2736 diversissimas
2025 2708 2115 2737 tribu-

1219 2759 1265 2778 ere
1278 2748 1517 2788 significationes;
1538 2748 1718 2787 respicientes
1732 2749 1767 2777 ad
1781 2748 1876 2778 locum
1891 2747 2012 2786 aliquem
2028 2749 2115 2786 scrip-

1219 2790 1298 2823 toris,
1320 2790 1348 2818 in
1370 2799 1427 2828 quo
1449 2800 1500 2818 vox
1521 2789 1614 2827 aliqua
1632 2788 1817 2818 diversimode
1836 2788 1955 2828 legitur:
1980 2789 2114 2827 quamvis,

1220 2840 1281 2868 quae
1296 2836 1340 2858 est
1354 2830 1466 2858 illorum
1480 2831 1581 2867 ἀκρισία
1595 2829 1635 2858 vel
1655 2829 1835 2868 negligentia,
1850 2829 1970 2858 diversas
1985 2829 2046 2858 illas
2060 2830 2115 2857 lec-

1220 2870 1312 2899 tiones
1332 2880 1389 2899 nou
1407 2870 1575 2909 exprimant.
1618 2869 1664 2899 Sic
1687 2870 1741 2898 hoc
1763 2870 1826 2899 loco
1850 2868 1950 2898 Suidas
1974 2882 2002 2897 το
2023 2872 2116 2905 λάχεια

1221 2912 1422 2949 interpretatur
1441 2912 1559 2949 βραχεια,
1576 2909 1737 2948 respiciens,
1754 2917 1786 2938 ut
1800 2916 1879 2949 puto,
1895 2909 1930 2938 ad
1945 2909 2050 2938 dictum
2073 2909 2114 2936 lo-

1220 2961 1285 2980 cun}
1303 2951 1431 2985 Homeri,
1447 2951 1476 2979 in
1491 2961 1548 2989 quo
1562 2961 1613 2989 pro
1627 2952 1731 2986 λάχεια
1744 2957 1776 2978 ut
1789 2956 1855 2978 ante
1871 2949 2040 2981 monuimus,
2053 2948 2115 2987 qui-

1221 2991 1286 3020 dam
1301 2991 1369 3020 olim
1387 2992 1516 3030 legerunt
1530 2993 1646 3027 ἐλάχεια,
1662 2991 1738 3028 quod
1757 2996 1833 3019 recte
1851 2999 1972 3028 exponas
1986 2991 2113 3034 βραχειαι

1220 3032 1347 3070 quamvis
1361 3032 1459 3060 eadem
1481 3030 1674 3069 interpretatio
1696 3030 1812 3058 minime
1829 3029 1978 3058 conveniat
1993 3028 2052 3056 voci
2066 3030 2115 3056 λά-

1219 3084 1288 3108 χεια.
1330 3073 1403 3100 Haec
1424 3077 1468 3100 est
1490 3071 1525 3100 de
1544 3071 1608 3099 loco
1627 3071 1681 3099 hoc
1704 3073 1867 3108 conjectura
1886 3075 1999 3098 nostra:
2024 3078 2079 3107 qua
2093 3068 2115 3097 si

1221 3113 1284 3149 quis
1300 3111 1442 3140 meliorem
1460 3110 1593 3144 attulerit,
1608 3112 1633 3139 ei
1649 3111 1768 3138 libenter
1781 3109 1884 3138 dociles
1898 3108 2052 3147 arrigemus
2066 3119 2116 3137 au-

1183 2378 1207 2406 F

1181 2767 1208 2794 G

273 3154 384 3188 λάχανα.
399 3151 516 3180 KUST.
549 3151 637 3180 Hunc
650 3151 744 3180 locum
759 3162 815 3180 om.
830 3152 867 3181 V.
882 3152 1024 3181 HabetA.
1040 3151 1067 3180 in
1085 3161 1171 3190 marg.
1182 3155 1275 3182 Hres.
1318 3151 1425 3180 Confer
1439 3161 1491 3180 nos
1504 3161 1589 3189 supra
1601 3151 1636 3178 ad
1650 3160 1676 3178 v.
1691 3152 1823 3185 Ἐλάχεια.
1846 3149 1963 3177 KUST.

315 3198 327 3214 Β
340 3194 379 3227 μὰ
397 3194 432 3220 τὰ
448 3192 530 3228 κακὰ]
546 3191 624 3220 Infra
645 3202 670 3220 V.
691 3194 741 3220 Μὰ
764 3195 799 3220 τὰ
818 3194 930 3229 λάχανα,
946 3192 1055 3231 legitur,
1076 3194 1114 3228 μὰ
1135 3193 1170 3219 τὰ

275 3233 353 3259 καλά.
374 3231 492 3261 KUST.
519 3232 560 3260 Et
573 3232 612 3260 sic
627 3233 663 3261 A.

316 3273 486 3309 ΔΑΧΑΡΗΣ]
505 3272 564 3312 Hnj
567 3282 599 3300 us
613 3272 748 3301 Lacharis
768 3272 901 3311 sophistae
922 3283 986 3301 cum
1006 3272 1090 3300 laude
1112 3281 1170 3299 nie-

276 3310 358 3340 minit
375 3310 505 3340 Marinus
527 3312 556 3340 in
552 3283 638 3341 JVita
652 3313 754 3346 Procli,
770 3323 795 3341 c.
811 3322 856 3341 ιι.
880 3313 926 3341 ubi
949 3313 1022 3341 inter
1044 3312 1098 3341 alia
1122 3311 1170 3344 ait,

276 3361 341 3380 eum
367 3350 398 3378 in
421 3350 582 3389 eloquentia
605 3358 692 3381 tantae
717 3353 850 3381 omnibus
872 3352 1053 3381 admirationi
1078 3351 1170 3383 fuisse,

276 3397 390 3430 quantae
404 3389 433 3418 io
447 3396 506 3419 arte
519 3393 632 3429 poetica
647 3393 791 3421 Homerus
805 3392 896 3421 fuerit.
939 3393 986 3420 De
999 3392 1099 3420 eodem
1115 3391 1171 3419 La-

1261 3195 1392 3219 AAXEIN
1403 3192 1527 3227 AIKHN]
1538 3190 1602 3218 Vid.
1610 3189 1761 3218 Ruhnken.
1774 3189 1808 3217 ad
1819 3188 1895 3217 Tim.
1904 3199 1931 3227 p.
1942 3197 2007 3226 173.
2021 3189 2115 3218 Schol

1221 3231 1292 3259 Piae.
1308 3241 1336 3269 p.
1349 3241 1415 3267 240.
1447 3230 1571 3258 Fischer.
1587 3230 1623 3258 ad
1638 3229 1747 3257 Platon.
1763 3229 1923 3267 Euthyphr.
1939 3239 1963 3258 c.
1975 3238 2001 3267 5.
2016 3239 2043 3267 p.
2056 3239 2101 3258 22.

1262 3277 1277 3293 a
1290 3271 1420 3307 Τριχωσις]
1439 3270 1533 3298 Schol.
1550 3270 1584 3298 Il.
1595 3267 1622 3304 β’
1624 3290 1630 3296 .
1646 3278 1711 3306 219.

1263 3310 1279 3333 b
1294 3311 1438 3346 θαλάσσης]
1454 3311 1565 3347 κεφαλῆς
1581 3310 1708 3337 Photius.

1263 3351 1300 3380 ib.
1315 3353 1445 3384 θαλάσσης
1459 3350 1547 3387 ἀφρὸς]
1568 3348 1792 3378 Grammaticum
1813 3349 1974 3379 confudisse
1989 3352 2074 3386 Λάχιη
2089 3357 2116 3378 et

1217 3390 1296 3427 Ἀχνη
1311 3390 1420 3419 monuit
1435 3390 1541 3418 Alberti
1558 3390 1592 3418 ad
1608 3389 1732 3428 Hesych.
