2508 4048
291 327 392 377 1965
674 323 717 362 K
751 322 794 362 A

325 416 370 450 Οἷς
383 418 470 453 κόσμος
482 418 563 447 καλός
576 418 646 443 τοῦτο
660 417 724 452 δρᾶν.

284 465 444 506 Τουτέστι,
470 462 504 499 τό
528 462 702 525 λῃστεύειν.

284 578 328 599 ουν
343 562 397 606 τὴν
412 561 569 612 λῃστείαν.

333 612 432 648 ΚΑΛΩ
450 625 509 647 Σιοτ
535 612 713 660 Αἶτιατικῇ.

332 662 470 697 ΚΔΛΩΣε
489 661 598 697 ἰΤουτο
610 649 688 696 kin}
696 660 877 723 παραιτήσει
895 676 946 695 και
958 660 1078 706 ἀρνήσει
1091 664 1183 707 χρῶν-
1233 659 1412 706 Υμετῆγαγε
1428 673 1462 693 το
1482 674 1614 706 σπερμα.

280 727 344 748 ται.
379 710 562 759 Εἳρηκοτος1
566 727 626 759 γαρ
643 711 695 754 δὴ
695 715 747 746 τοῦ
764 709 908 746 Διονύσου
920 724 992 758 προς
1004 709 1119 758 Ενριπι
1122 710 1182 753 δην,

401 767 497 798 'Fame-4·
509 766 552 794 καὶ
565 767 597 793 συ
611 765 639 799 δὴ
653 764 796 797 λιβανωτόν·

282 809 428 856 ἐπήγαγε,

769 870 867 900 Καλῢς·

403 907 477 945 ἕτεροι
490 909 539 945 γάρ
553 910 623 941 εἰσιν,
638 906 700 935 οἶσιν
714 907 817 944 εὔχομαι
834 909 902 940 θεοῖς.

281 954 340 991 Διό
357 956 441 1003 λε’γει
459 956 474 991 o‘
490 954 643 995 Διόνυσος·

316 1013 389 1043 Ἴδιοί
400 1014 462 1047 τινές
476 1021 556 1047 11111·οι,
570 1014 657 1050 κόμμα
669 1013 759 1042 καινόν.

323 1057 377 1082 DE}
390 1055 432 1093 καὶ
444 1056 480 1082 τὰ
493 1056 566 1082 λοιπὰ
579 1054 702 1092 προσέσχε
715 1057 797 1086 καλῶς
809 1065 838 1081 τε
851 1054 894 1081 καὶ
908 1051 942 1081 εὖ.

332 1103 555 1139 ΚΑΛΠᾸΖΕἹΝΞ
582 1101 626 1138 Tb
642 1104 744 1151 ἁβρῶς
761 1101 905 1145 βαδίζειν.

333 1152 489 1188 ΚᾸΛΠιΣε
517 1152 657 1201 0Ὕδρίοι.

333 1201 464 1237 KAAoi:
492 1203 743 1249 ΡἎριστοφάνης·

402 1258 444 1284 Ἐν
457 1260 522 1284 τοῖσι
537 1258 646 1292 ιἰτοίχοις
655 1255 770 1294 ἔγραφον·
793 1257 914 1290 Ἀθηναῖοι
926 1256 1007 1283 καλοί.

281 1300 401 1336 Ἵδιον’
388 1304 517 1348 εραστῶν
533 1299 566 1343 ην
582 1299 616 1335 τυ
638 1299 696 1335 ι’τα
717 1315 773 1337 των
793 1298 936 1362 ε’ρωμενων
954 1297 1085 1345 ὀνόματα
1109 1300 1184 1360 γρά-

281 1350 382 1395 φειν’
369 1366 396 1385 εν
412 1354 475 1412 τοῖλς
491 1349 616 1397 τοίχοις,
629 1348 648 1393 ἢ
666 1347 829 1398 δένδροις,
812 1365 831 1393 η
848 1347 980 1394 φυλλοις
998 1347 1169 1396 δενδρων,
1137 1365 1184 1384 ου-

281 1413 348 1440 τως·
378 1398 396 1435 ὃ
413 1414 514 1435 AmNA
534 1400 672 1434 SKAAdz.

323 1506 456 1541 ΚΑΛΩΣΞ
478 1511 561 1545 Τούτῳ
574 1511 628 1547 ἐπὶ]
645 1510 689 1538 Ex
704 1509 798 1538 Schol.
814 1508 956 1548 Aristopb.
973 1508 1048 1537 Rau.
1063 1517 1133 1546 914.

323 1549 333 1572 i
346 1551 436 1587 τούτῳ]
453 1553 528 1577 Τοῦτο
539 1550 651 1578 A.V.E.
665 1550 728 1578 edd.
743 1555 809 1578 vett.
840 1549 964 1578 Mutavit
978 1550 1090 1578 Portus.
1118 1548 1185 1578 Vid.

282 1589 451 1620 Elmsleium
466 1590 502 1618 ad
517 1589 612 1619 Schol.
628 1590 715 1628 Soph.
732 1589 803 1618 OEd.
817 1590 884 1627 Tyr.
897 1596 921 1617 1.

323 1628 343 1651 k
356 1631 413 1657 Ἐπὶ
433 1630 582 1667 παραιτήσει
603 1631 646 1657 καὶ
670 1629 781 1666 ἀρνήσει]
805 1628 933 1657 Eandem
952 1628 1008 1656 vim
1029 1628 1105 1666 apud
1125 1628 1184 1657 La-

283 1669 360 1698 tinos
374 1670 460 1697 habet
474 1679 526 1697 vox
538 1670 658 1705 benigne,
674 1675 706 1697 ut
720 1674 800 1707 patet
814 1678 847 1696 ex
864 1668 995 1702 Horatio,
1010 1669 1086 1707 apud
1098 1678 1184 1707 quem

283 1710 333 1739 lib.
349 1710 372 1738 I.
388 1709 482 1747 Epist.
492 1709 561 1737 V11.
577 1708 678 1747 aliquis
700 1709 734 1736 ad
756 1718 867 1737 coenam
890 1708 1032 1742 invitatus,
1048 1714 1077 1737 et
1090 1709 1185 1738 venire

281 1759 424 1783 recusans,
446 1749 600 1787 respondet
624 1750 744 1786 benigne.
778 1749 819 1777 Et
845 1749 944 1777 eadem
972 1749 1092 1787 epistola
1114 1749 1184 1778 alius

281 1790 398 1829 quidam
414 1799 525 1823 munus,
537 1789 614 1828 quod
627 1789 680 1827 ipsi
694 1789 822 1818 oblatum
837 1789 936 1823 fuerat,
951 1798 1016 1817 cum
1031 1789 1184 1828 gratiarum

283 1830 395 1859 actione
422 1839 563 1863 recusans,
591 1829 691 1858 itidem
722 1830 834 1866 benigne
862 1829 1030 1867 respondet:
1054 1830 1130 1868 quod
1155 1835 1185 1859 et

278 1877 351 1899 ante
371 1880 418 1899 me
441 1869 598 1899 observavit
615 1870 801 1899 casaubonus
815 1869 896 1899 Lect.
910 1870 1034 1899 Theocr.
1059 1879 1085 1899 c.
1099 1871 1183 1899 XVI.

279 1963 285 1979 .-
323 1950 395 1989 ῑσγὰρ
409 1952 456 1988 δὴ]
467 1951 495 1985 δὴ
509 1960 567 1979 om.
580 1951 653 1980 AN.

322 1998 348 2014 m
364 1992 431 2028 εἶσί]
449 1991 533 2019 σοι-ν.

282 2057 287 2059 ,
322 2038 341 2054 ¹1
354 2035 385 2060 Ei
397 2033 441 2060 καὶ
458 2033 494 2059 τὰ
514 2031 554 2067 λ.]
571 2031 606 2059 In
618 2030 748 2060 versione
768 2030 887 2059 stellulis
907 2030 1017 2060 notavit
1032 2031 1184 2064 Kusterus‚

281 2078 317 2101 ut
332 2071 387 2101 sibi
406 2081 465 2100 non
482 2071 644 2100 intellecta:
669 2071 753 2100 vertit
771 2071 1015 2104 Hemsterhusius‚
1032 2073 1093 2101 Etsi
1114 2073 1186 2109 quod

282 2114 321 2140 ad
335 2117 426 2141 celera
439 2116 511 2140 recte
523 2121 590 2140 sane
601 2113 721 2140 attendit
733 2116 904 2149 mentemque
917 2113 1051 2140 adhibuit.

281 2168 287 2173 ·
323 2152 536 2188 KAAnAZElN]
552 2152 694 2181 Plutarch.
704 2151 840 2181 Alexand.
856 2162 884 2190 p.
893 2152 964 2189 667.
978 2152 1097 2180 TOUP.
1110 2151 1185 2180 Vide

285 2192 454 2222 Salmasium
466 2192 500 2220 ad
508 2191 729 2229 ,luteapitoum
741 2198 899 2230 p.245=t.
909 2193 950 2221 11.
962 2202 992 2230 p.
1006 2202 1017 2221 1
1028 2202 1049 2220 1.
1062 2192 1108 2221 ed.
1120 2192 1184 2221 8vo.

282 2255 285 2257 .
325 2239 341 2254 ⁰
352 2232 448 2268 ’Τδρία]
466 2233 532 2268 ἱδρύα
541 2232 578 2259 V.
592 2238 623 2260 et
635 2241 760 2270 suprasc.
774 2231 845 2268 ἤγουν
854 2233 883 2260 τὶ
895 2233 1024 2270 καρδῆριον.

327 2272 445 2307 KAAOl]
462 2271 544 2302 Καλὸς
557 2272 593 2298 Ε.

293 2335 297 2337 .
326 2318 343 2341 P
354 2311 544 2348 Ἀριστοφάνης]
560 2311 684 2339 Acharn.
698 2319 764 2347 144.

1196 421 1221 448 A

754 460 836 497 Ουτε
862 478 922 510 γαρ
952 465 1025 504 βουν
1054 462 1183 510 ἀροτῆρα
1235 461 1357 496 Mimos
1376 461 1542 495 nomimis.

285 513 473 557 ἐλεηλάτουν,
491 529 510 556 η
527 511 669 548 ἔκλεπτον
685 527 798 553 νυκτος,
813 527 879 548 ουτε
895 527 978 558 μετα
994 509 1116 558 φόνων
1103 511 1183 547 εποί-

1623 320 1664 358 Κ
1701 320 1742 358 A
2027 326 2131 375 1966

1287 410 1460 453 ΚΑΛτΔΩΝ,
1492 412 1718 446 KAAmfmox:
1747 411 1857 451 Πόλις.
1910 415 1972 449 Καὶ
1998 418 2130 452 tKAA·1·-

1284 510 1464 545 KAA'rKAz:
1493 509 1683 557 “Σῦριγγας,
1700 508 1772 557 ῥόδα
1789 511 2013 558 κεκαλυμμενα.

1285 560 1491 595 ΚᾸΛΤΜΝΟΣ·
1526 562 1566 594 *O
1597 559 1624 594 ἔν
1651 558 1796 608 Αιγῦπτω
1826 564 1922 599 σῖτος.
1975 560 2053 596 *Au-ra
2081 567 2132 598 τοῦ

1235 608 1420 656 Καλύμνιος.
1474 612 1513 643 Ὀ
1543 624 1602 656 γαρ
1636 609 1834 654 Φιλάδελφος
1868 609 1925 645 Χέκ
1959 610 2133 651 Καλυδῶνος

1666 661 1726 693 ΖὍ
1746 657 1963 708 Ἀπολλόδωρός
1986 665 2064 705 φησι
2083 661 2133 695 λε’-

1232 712 1340 756 γεσθαι
1358 707 1552 749 ΚΑΛΤΔΝΑΣ,
1570 707 1607 747 ὦς
1623 707 1778 750 καλύβας.

1284 757 1494 793 KAAA'anN:

1274 817 1360 850 8Χθὲς
1378 816 1423 853 μὲν
1441 816 1484 844 καὶ
1501 818 1577 853 πρῶην
1595 815 1732 853 δεδρακότες
1750 818 1792 843 τοῦ
1811 817 1949 850 καπηλείου,
1964 817 2006 844 καὶ
2021 815 2085 845 bron
2098 818 2133 845 τὰ

1232 858 1316 895 βάθρα
1331 858 1488 889 θκαλλύνειν,
1504 857 1547 884 καὶ
1560 856 1681 894 τοῦδαφος
1694 854 1795 893 ἀκορεΐν.

1285 906 1490 941 KAAA‘rNTPA
1505 918 1513 940 ε
1542 903 1722 952 Κόσμητρα.

1273 968 1342 995 ‘Am-1
1357 967 1382 995 δὲ
1396 970 1438 994 τοῦ
1452 966 1548 1003 δόρατος
1564 967 1711 1002 κάλλυντρον
1724 966 1810 1003 φέρων,
1825 966 1868 993 καὶ
1887 965 1992 993 κόσκινον
2004 966 2060 994 ἀντὶ
2074 968 2135 1000 θτῆς

1233 1009 1347 1040 ἀσπίδος,
1363 1008 1408 1035 καὶ
1422 1007 1517 1044 κόφινον
1530 1006 1586 1033 ἀντὶ
1600 1007 1704 1042 κράνους,
1719 1005 1758 1033 ἐπὶ
1771 1004 1820 1043 ’όνου
1833 1005 1973 1042 καθήμενος.

1284 1055 1423 1092 KAmz:
1448 1056 1546 1093 Ἄνθος
1562 1051 1647 1102 ῥόδου
1662 1053 1810 1100 μεμνκός.

1283 1104 1467 1140 KAA'fnm:
1494 1103 1670 1146 Αἳτιατικῆ.

1284 1154 1446 1190 KAmmi:
1481 1154 1602 1199 ’Όνομα
1629 1141 1748 1202 ῘἉκυριον·
1776 1155 1795 1197 ἡ
1821 1169 1866 1200 μη
1893 1155 1987 1197 ἁπλῆ,
2018 1153 2136 1189 καλύπ-

1234 1220 1330 1240 τουσα
1354 1204 1407 1239 ’ὅδε
1430 1219 1464 1238 το
1485 1201 1689 1249 διανοουμενον.
1742 1201 1944 1238 ὴΔολοέσ·σοιν
1965 1218 2024 1251 γαρ
2050 1202 2135 1250 λεγει

1234 1253 1325 1297 αὐτὴν
1342 1255 1487 1302 ΙΌμηρος.

1285 1303 1431 1339 ΚᾹΜΑΞε
1459 1303 1579 1351 Χάραξ,
1597 1301 1674 1351 ὄρθου
1696 1301 1792 1344 ξύλον.
1844 1301 1977 1350 Λέγεται
1996 1305 2135 1346 θηλυκῶς.

1275 1373 1308 1398 01
1322 1370 1347 1399 δὲ
1363 1371 1454 1408 Πάρθοι
1469 1368 1633 1407 ἰστρέφουσιν
1645 1371 1719 1397 ὀπίσω
1739 1371 1794 1402 τοὺς
1811 1370 1901 1403 ἵππους,
1918 1370 1971 1408 περὶ
1991 1373 2040 1402 τοῖς
2058 1372 2136 1397 αὖτῶν

1235 1411 1325 1447 αὐχέσι
1339 1413 1386 1443 τὰς
1398 1412 1517 1447 κάμακας
1530 1408 1664 1443 ἑλίξαντες.

1235 1521 1262 1549 p.
1279 1519 1348 1548 397.
1363 1510 1412 1539 ubi
1433 1509 1655 1548 Dalechampius
1676 1509 1773 1538 itidem
1789 1518 1887 1538 vocem
1908 1511 1979 1546 δημον
1996 1519 2055 1538 non
2076 1509 2138 1539 sine

1196 1551 1314 1608 Dgravi
1329 1560 1422 1578 errore
1438 1551 1571 1587 populum
1586 1550 1777 1577 Atheniensem
1790 1548 2000 1587 interpretatur,
2015 1559 2090 1583 cum,
2105 1556 2138 1578 ut

1196 1580 1364 1624 Ddiximus,
1380 1589 1468 1618 filium
1483 1588 1649 1627 Pyrilampis
1668 1588 1707 1617 ibi
1726 1588 1873 1627 significet,
1889 1595 1922 1617 ut
1935 1595 2011 1618 recte
2026 1590 2138 1618 monuit

1236 1631 1421 1659 Casaubonus
1436 1630 1471 1658 ad
1485 1629 1579 1657 locum
1595 1628 1676 1657 illum
1684 1629 1824 1662 Athenaei,
1836 1634 1866 1657 et
1879 1635 1944 1667 post
1958 1639 2024 1658 eum
2038 1630 2138 1658 Maus-

1235 1681 1315 1700 sacus
1337 1671 1373 1699 ad
1397 1670 1653 1708 Harpocrationem
1677 1679 1703 1697 v.
1727 1671 1896 1706 Πυριλάμπης.
1935 1671 2078 1698 Caeterum
2102 1670 2138 1698 ad

1235 1721 1345 1740 morem
1366 1710 1446 1739 illum
1461 1716 1596 1743 veterum,
1619 1709 1655 1737 de
1675 1719 1732 1747 quo
1752 1709 1883 1742 diximus,
1906 1709 2030 1748 pertinet
2051 1711 2138 1738 etiam

1235 1752 1311 1790 quod
1340 1751 1375 1780 de
1398 1750 1499 1778 Phidia
1525 1750 1653 1781 refertur,
1676 1758 1742 1778 eum
1767 1759 1870 1788 nempe
1896 1750 1926 1778 in
1950 1750 2039 1789 digito
2060 1750 2138 1778 Jovis

1235 1791 1363 1830 Olympii
1376 1790 1550 1829 inscripsisse
1565 1791 1714 1827 Παντάρκης
1726 1790 1816 1821 καλόςι
1840 1797 1873 1818 ut
1887 1790 1966 1818 testis
1981 1796 2024 1818 est
2036 1790 2138 1818 Suidas

1235 1832 1308 1861 infra
1319 1842 1344 1860 v.
1357 1832 1517 1868 Ῥαμνουσίοι.
1538 1830 1613 1858 Vide
1627 1830 1748 1858 eundem
1758 1840 1784 1858 v.
1799 1832 1832 1858 Ὁ
1846 1832 1912 1859 δεῖνα
1925 1831 2008 1864 καλός.
2020 1831 2137 1859 KUST.

1275 1878 1287 1894 S
1303 1872 1428 1907 ΚΑΛΟΣ]
1445 1874 1526 1903 καλὲἱῖς
1538 1871 1575 1899 Ε.
1608 1883 1619 1898 ο
1633 1870 1709 1902 καλός
1722 1870 1759 1898 V.

1275 1914 1286 1934 ἵ
1302 1913 1524 1940 ΚΑΛΤΔΩΝῙΟΣ
1539 1910 1724 1947 ΠΟΡΘΜΟΣ]
1743 1909 1810 1939 Vid.
1825 1910 1950 1949 Bergler.
1966 1910 2001 1938 ad
2012 1909 2137 1949 Alciphr.

1194 1953 1319 1995 1¹:1¹3

1275 1999 1294 2015 ¹¹
1308 1992 1443 2030 Σύριγγας]
1460 1990 1525 2019 Vid.
1548 1990 1643 2019 Schol.
1660 1990 1778 2019 Homer.
1797 1990 1831 2018 Il.
1847 1990 1881 2018 σ’.
1897 1998 1965 2027 401.
1986 1990 2043 2028 ῥόδα
2063 2003 2138 2019 κεκα-

1235 2032 1350 2070 λυμμένα
1364 2043 1422 2061 om.
1437 2031 1558 2060 Photlus
1572 2036 1601 2059 et
1615 2030 1685 2059 Lex.
1702 2031 1767 2069 Seg.

1277 2077 1482 2102 ΚΑΛΤΜΝΟΣε
1504 2074 1536 2099 ‘0
1559 2074 1584 2099 ἐν
1603 2072 1719 2108 Αἰγύπτῳ
1743 2071 1823 2107 σιτος]
1853 2070 1932 2104 Haec,
1958 2076 1988 2099 et
2009 2080 2070 2108 quae
2091 2080 2136 2099 se-

1236 2119 1370 2152 quuntur,
1386 2111 1511 2145 αὐτολεξεὶ
1526 2121 1639 2149 quoque
1654 2111 1739 2139 habet
1752 2111 1950 2148 Etymologus.
1965 2111 2082 2139 KUST.

1277 2161 1293 2175 x
1307 2157 1334 2182 ἐκ
1350 2153 1501 2188 Καλυδωνος]
1520 2152 1566 2180 Sic
1581 2151 1686 2179 habent
1701 2160 1800 2179 omnes
1814 2150 1962 2179 editiones.
2002 2151 2058 2179 Sed
2071 2149 2138 2179 scri-

1237 2194 1362 2222 bendum
1378 2199 1422 2221 est
1436 2194 1574 2224 Καλυδνῶν,
1590 2197 1622 2219 ut
1634 2191 1708 2229 apud
1722 2191 1933 2230 Etymologum.
1949 2191 2067 2219 KUST.

1277 2240 1294 2263 y
1306 2233 1449 2270 μετήγαγε]
1472 2234 1608 2268 μετήνεγκε
1628 2232 1656 2259 τὸ
1677 2232 1785 2268 σπέρμα.
1818 2232 1914 2265 Νῆσους
1930 2232 1982 2268 περὶ
2001 2232 2137 2264 Καλυδνάς·

1237 2273 1267 2306 ἃς
1280 2275 1291 2301 ὁ
1304 2274 1433 2301 Ἀπολλόδ.
1447 2272 1573 2310 Etymol.
1605 2272 1753 2299 Postrema
1766 2276 1897 2309 spectant
1911 2271 1945 2299 11.
1958 2272 1994 2306 β’.
2007 2271 2075 2308 677.
2090 2270 2138 2299 ubi

1238 2313 1334 2342 Schol.
1345 2313 1419 2341 Ven.
1435 2313 1580 2344 Καλύδναςτ
1605 2314 1634 2343 ὦς
1646 2312 1763 2342 καλάθας
1776 2311 1954 2347 ἀναγνωστέον.

325 2358 343 2380 q
356 2350 461 2386 τοίχοις]
476 2351 566 2385 τείχοις
577 2350 611 2378 V.
631 2356 661 2378 et
684 2350 724 2378 sic
747 2350 830 2378 infra.
865 2351 937 2379 Mox
958 2351 1091 2385 Ἀθηναίοις
1113 2352 1188 2384 καλὸς
1201 2351 1225 2379 F
1277 2359 1290 2374 z
1303 2356 1335 2380 ‘0
1356 2352 1541 2388 Ἀπολλόδωρος]
1568 2354 1598 2382 ὥς
1620 2351 1793 2387 Ἀπολλόδωρος
1806 2351 1879 2378 Α.Ε.
1915 2354 1945 2382 ὥς
1966 2352 1977 2377 ὅ
1998 2353 2084 2379 Ἀπολ.
2099 2351 2136 2379 V.

285 2391 395 2421 A.B.V.
419 2392 540 2424 Ἀθηναῖοι
552 2391 627 2422 καλὸς
641 2390 676 2418 Ε.

326 2438 339 2454 ¹¹
352 2433 388 2459 τὰ
410 2433 459 2458 τῶν
477 2430 597 2467 ἐρωμένων
618 2429 730 2465 ὄνόματα
749 2430 855 2467 γράφειν
874 2433 900 2457 ἐν
919 2433 969 2462 τοῖς
990 2431 1032 2466 τ.]
1058 2429 1105 2458 De
1131 2431 1186 2459 hoc

286 2481 366 2501 more
384 2475 510 2499 veterum
531 2469 661 2498 notanda
681 2475 750 2498 sunt
770 2470 854 2498 verba
877 2469 1023 2498 Eustathii
1047 2470 1083 2498 ad
1104 2469 1139 2498 11.
1154 2471 1185 2505 ζ’.

285 2523 315 2552 p.
323 2512 363 2549 63
368 2520 395 2548 3.
410 2510 532 2548 Χρήσιμον
545 2510 571 2538 δὲ
588 2513 623 2543 εἷς
641 2510 682 2538 τὸν
695 2507 806 2547 παρόντα
824 2509 894 2538 τόπον
908 2511 951 2538 καὶ
963 2510 992 2538 τὸ
1006 2510 1113 2538 παλαιὸν
1126 2509 1185 2544 ἔθος,

284 2554 341 2581 καθ’
353 2551 367 2579 ὃ
380 2551 475 2588 δένδροις
486 2550 536 2578 ἴσα
548 2550 592 2578 καὶ
604 2549 700 2582 πίναξιν
709 2550 868 2578 ἐνεκόλαπτον
881 2553 902 2578 οἴ
914 2551 1016 2578 παλαιοὶ
1029 2552 1065 2578 τὰ
1078 2553 1126 2578 vav
1140 2555 1184 2588 φι-
1223 2563 1226 2566 ’

285 2592 402 2629 λουμένων
410 2591 531 2627 ὀνόματα,
543 2593 573 2623 ὦς
585 2589 611 2619 εἴ
617 2602 661 2628 περ
673 2589 758 2628 ἔρωτες
769 2589 784 2624 ἢ
799 2592 894 2628 νύμφαι
906 2591 992 2627 ὀρειναὶ
1005 2594 1076 2618 τοῦτο
1087 2593 1184 2619 ἑποιοῐὶν·

283 2631 339 2666 οἷοι,
366 2636 390 2660 H
413 2635 519 2659 AEINA
541 2634 645 2664 KAAH,
672 2633 704 2658 o
726 2634 832 2658 AElNA
854 2634 976 2658 κΑΛοΣ.

286 2673 409 2710 Εὗριπῦης
420 2670 470 2709 εφη
483 2683 521 2704 το,
541 2683 575 2707 μη
593 2670 626 2698 ἅν
639 2671 740 2707 ἀγαθὰς
752 2673 826 2698 emen«
839 2672 886 2703 τὰς
898 2674 1026 2707 γυναῖκας,
1040 2672 1085 2698 οὐδ’
1100 2673 1122 2698 εἰ
1134 2673 1186 2709 περι

285 2715 370 2741 τούτου
383 2723 428 2746 την
444 2714 470 2739 ἐν
484 2709 538 2748 Ἴδη
557 2712 713 2748 γραμμάτων
725 2710 830 2744 πλήσειέ
845 2722 883 2742 τις
899 2712 994 2745 πεύκην.
1021 2710 1124 2738 '‘Euoa‘
1113 2723 1125 2738 ο
1138 2723 1188 2744 νους

285 2753 343 2790 μὲν,
358 2755 389 2785 ὥς
407 2754 447 2779 οὒκ
467 2763 498 2779 αν
510 2748 636 2787 εύλογῆσοι
656 2752 692 2785 τᾲ
708 2762 835 2786 γυναικων,
849 2752 894 2778 οὔδ’
909 2753 931 2778 εἴ
948 2753 1033 2778 πάντα
1051 2752 1088 2778 τὰ
1105 2753 1187 2779 Ἰδαῖα

287 2793 370 2830 δένδρα
380 2795 567 2829 καταγραφειεν
576 2793 658 2822 καλὰς
665 2788 726 2818 ειναι
736 2792 784 2823 τὰς
792 2803 919 2827 γυναικας.
942 2790 987 2818 Ad
995 2791 1116 2819 eundem
1126 2801 1186 2820 mo-

289 2842 349 2861 rem
364 2831 510 2860 referenda
522 2836 590 2859 sunt
600 2831 684 2859 verba
697 2830 746 2858 illa
755 2830 866 2858 Comici
878 2831 964 2868 Vesp.
971 2839 1022 2868 97.
1033 2831 1083 2858 Και
1093 2831 1120 2865 νὴ
1133 2833 1186 2864 Δί’,

288 2885 321 2900 αν
332 2871 370 2909 ἴδη
379 2873 415 2908 γε’
428 2883 471 2899 που
484 2871 652 2908 γεγραμμένον
664 2871 710 2898 Τον
717 2872 914 2906 Πυριλάμπους’
902 2883 927 2898 εν
940 2872 999 2908 θύρᾳ
1010 2872 1090 2906 Δημον
1102 2871 1187 2900 καλόν.

288 2913 445 2941 Euan-ator
468 2911 504 2939 ad
525 2911 590 2939 e'um
614 2910 730 2938 locum:
751 2910 906 2947 Ἔτι-ἔγραφον
927 2910 952 2938 δὲ
975 2913 995 2938 οἱ
1015 2912 1136 2945 Ἀθηναῖοι
1153 2913 1188 2939 τὰ

288 2956 337 2980 σῦν
357 2955 439 2980 καλῶν
458 2950 568 2987 ὀνόματα
587 2951 667 2983 οὕτως·
693 2953 725 2978 Ὁ
739 2954 844 2978 ΔΕῙΝΑ
866 2954 987 2978 ΚΑΛΟΣ.
1019 2948 1145 2988 Ἐγραφον
1163 2951 1189 2979 δὲ

290 2993 333 3020 καὶ
353 2995 378 3020 ἐν
391 2992 489 3027 τοίχοις,
506 2991 549 3019 καὶ
569 2993 595 3018 ἐν
609 2992 697 3028 θύραις,
716 2991 759 3018 καὶ
779 2989 834 3017 ὅπου
851 2993 926 3027 τύχῃ.
960 2991 984 3018 F
986 2990 1078 3018 lorens
1091 2991 1188 3019 Chris-

290 3032 385 3060 tianus
405 3031 435 3059 in
458 3031 523 3059 loco
546 3030 595 3059 illo
614 3029 724 3059 Comici
747 3029 961 3067 interpretando
983 3030 1099 3058 humani
1121 3030 1190 3068 quid

290 3081 389 3111 passus
409 3077 463 3104 est,
477 3070 610 3108 quoniam
632 3070 748 3108 putavit,
764 3079 860 3098 vocem
882 3072 953 3106 δῆμον
974 3070 1013 3098 ibi
1035 3069 1191 3109 significare

1007 2630 1082 2659 Ὅθεν
1102 2631 1187 2666 λαβὼν
1230 2640 1233 2643 “

1235 2392 1456 2421 Restituendum
1471 2390 1502 2423 οἷς
1514 2393 1525 2418 ὁ
1539 2399 1573 2418 ex
1587 2389 1713 2427 Etymol.

1277 2439 1292 2454 a
1305 2432 1368 2464 Χθὲς
1380 2431 1426 2467 μὲν
1436 2431 1479 2458 καὶ
1492 2432 1569 2466 πρώην
1581 2429 1719 2466 δεδρακότες
1732 2432 1774 2456 τοῦ
1788 2430 1863 2465 κατι]
1880 2430 2027 2467 [ntegrum
2041 2429 2137 2458 locum
2187 2430 2189 2433 ¹

1236 2473 1369 2503 auctoris,
1382 2480 1416 2499 ex
1431 2479 1488 2508 quo
1502 2469 1693 2507 fragmentum
1709 2469 1763 2497 hoc
1778 2469 1944 2507 decerptum
1958 2475 2011 2502 est,
2024 2469 2139 2498 exhibet

1236 2511 1336 2541 Suidas
1349 2510 1422 2539 infra
1437 2520 1462 2537 v.
1478 2512 1598 2547 Ρουφῖνος.
1613 2509 1730 2537 KUST.
1766 2509 1878 2547 Eunap.
1893 2509 1926 2537 fr.
1940 2518 1987 2546 30.

1276 2551 1294 2574 b
1307 2555 1349 2580 τοῦ
1369 2553 1405 2579 τὰ
1424 2550 1522 2587 βάθρα]
1546 2551 1630 2577 τούτου
1649 2550 1734 2589 βάθρα
1747 2549 1942 2578 A.B.V.E.M.
1958 2549 2024 2578 Ald.
2053 2550 2136 2589 Vulg-

1235 2597 1392 2622 correctum
1408 2600 1444 2619 ex
1459 2600 1483 2618 v.
1497 2592 1626 2628 Ῥουφῖνος.

1278 2639 1292 2655 ⁰
1305 2632 1447 2667 καλλύνειν]
1465 2631 1589 2658 καλλύνων
1599 2629 1674 2657 V.E.

1277 2671 1294 2694 (Ῑ
1307 2672 1394 2709 κορεῖν]
1410 2670 1481 2707 ἤγουν
1493 2673 1656 2707 φιλοκαλλεῒν
1668 2670 1704 2697 V.
1720 2678 1844 2707 suprasc-

1278 2710 1493 2746 ΚΑΛΛΤΝΤΡΑ]
1509 2712 1644 2746 κάλλωτρα
1658 2709 1731 2737 Β.Ε.

1277 2759 1292 2775 e
1306 2754 1349 2786 τῆς
1361 2751 1480 2786 ἀσπίδος]
1495 2753 1536 2777 τοῦ
1547 2750 1643 2777 ἀσπίδα
1654 2749 1772 2777 Β.Ε.Μ.

1278 2793 1434 2828 ΚΑΛΤΨΩ]
1453 2790 1561 2818 Eadem
1575 2790 1634 2818 fere
1647 2790 1734 2818 habet
1747 2789 1943 2828 Etymologus.

1278 2831 1291 2854 f
1301 2831 1381 2867 Θεᾶς]
1397 2833 1470 2868 κύριον
1484 2830 1593 2858 A.V.E.

1279 2879 1296 2902 g
1310 2872 1335 2900 δὲ
1349 2872 1389 2907 τὸ]
1409 2872 1437 2899 τὸ
1457 2880 1515 2899 om.
1530 2871 1566 2898 B.
1568 2870 1602 2898 E.
1638 2870 1708 2897 Post
1726 2870 1755 2897 h.
1770 2869 1808 2908 gl.
1825 2868 1916 2897 delevi
1931 2873 2067 2897 KAAXH.
2061 2880 2067 2886 ·
2091 2874 2136 2897 Βο-

1238 2914 1300 2947 τάνη
1314 2924 1359 2945 τις,
1375 2909 1432 2939 δι’
1418 2924 1446 2945 ης
1460 2911 1474 2945 ἦ
1492 2911 1600 2947 πορφύρα
1619 2911 1759 2944 βάπτεται.
1802 2912 2035 2936 KAAXAINEIN:
2060 2911 2137 2936 Κατὰ

1238 2954 1315 2987 βάθος
1334 2954 1461 2988 μεριμνᾶν.
1498 2951 1548 2978 Και
1571 2953 1697 2982 KAAXH,
1722 2950 1737 2983 ἦ
1754 2950 1870 2986 πορφύρα.
1900 2948 1976 2976 Ὅθεν
1993 2950 2036 2976 καὶ
2055 2952 2138 2976 ΠΟΡ-

1239 2995 1374 3024 ΦΊῬΕΙΝ,
1388 2991 1416 3019 τὸ
1430 2993 1556 3028 μεριμνᾶν,
1572 2999 1637 3017 cum
1649 2990 1684 3017 A.
1688 2990 1723 3018 B.
1725 2989 1761 3017 V.
1763 2989 1799 3017 E.
1815 2998 1878 3026 quae
1892 2988 2025 3026 leguntur
2037 2987 2136 3016 itidem

1240 3032 1268 3060 in
1282 3031 1408 3070 Etymol.
1423 3031 1467 3059 M.
1503 3030 1546 3058 Ad
1568 3030 1718 3065 Καλχαίνειν
1739 3034 1820 3056 notat
1839 3029 1995 3055 Kusterus:
2032 3031 2137 3055 ’ΚΑΛ-

1253 3075 1440 3100 *ΧΑΙΝΕΙΝε
1465 3072 1542 3098 Κατὰ
1562 3071 1638 3104 βάθος
1658 3068 1788 3105 μεριμνᾶν]
1812 3067 1969 3095 Scholiasta
1990 3067 2138 3106 Sophoclis

291 3113 388 3145 vicum,
403 3110 446 3139 vel
457 3111 599 3147 populum,
613 3119 677 3138 cum
693 3109 730 3138 sit
743 3119 849 3138 nomen
863 3109 1009 3148 proprium
1023 3110 1188 3139 adolescen-
1200 3115 1250 3148 H‘
1254 3112 1312 3140 ‘ad
1326 3110 1461 3148 Antigon.
1479 3119 1525 3137 20.
1541 3109 1727 3144 Καλχαίνουσα.
1762 3108 1830 3134 'Au-ri
1852 3119 1894 3134 του
1914 3109 2073 3144 πορφύρουσα,
2095 3121 2138 3136 και

292 3151 328 3180 tis
346 3150 473 3184 formosi,
491 3150 539 3178 filii
553 3149 729 3189 Pyrilampis‚
743 3152 823 3188 cujus
841 3159 946 3178 nomen
963 3156 1103 3179 amatores
1118 3150 1190 3188 pari-

293 3192 386 3220 etibus
400 3197 430 3220 et
439 3190 535 3229 januis
553 3199 605 3229 pro
626 3200 705 3218 more
722 3190 807 3218 solito
825 3189 930 3228 passim
951 3189 1102 3219 inscribere
1117 3190 1189 3219 sole-

293 3231 372 3260 bant.
396 3230 585 3282 Hesychius:
609 3232 698 3266 Δῆμος.
727 3231 809 3262 Καλὸς
822 3232 992 3267 Πυριλάμπους
1012 3231 1058 3263 υἷος
1076 3243 1103 3264 ην
1117 3230 1190 3262 ουτος.

294 3273 382 3307 Δῆμος,
397 3283 470 3307 ονομα
483 3273 565 3308 κύριον,
578 3283 623 3304 την
636 3270 696 3308 ωραν
708 3272 851 3302 κάλλιστος.
873 3269 946 3302 ’Ἐθος
961 3268 1019 3299 δε
1005 3283 1032 3305 ην
1046 3282 1096 3302 τοις
1113 3273 1190 3307 ε’ρασ-

295 3322 352 3342 ταις
374 3312 516 3348 ἐπιγράφειν
538 3322 668 3346 πανταχου
691 3312 727 3338 τὰ
749 3323 797 3338 των
820 3312 910 3338 παίδων
934 3310 1052 3346 ὀνόματα.
1096 3310 1190 3348 Hujus

295 3349 382 3378 Demi
397 3349 562 3388 Pyrilampis
581 3350 630 3378 filii
650 3349 781 3378 meminit
801 3349 887 3378 etiam
902 3350 1055 3378 Athenaeus
1069 3348 1118 3377 lib.
1134 3350 1188 3378 IX.

1241 3155 1260 3168 '‘
1272 3162 1462 3187 τεταραγμενως
1481 3150 1651 3187 φροντίζουσα.
1688 3149 1779 3182 Κάλχη
1799 3148 1848 3184 γὰρ
1869 3148 1938 3175 ἐστιν
1957 3149 1968 3174 ὅ
1987 3147 2074 3183 κόχλος
2097 3161 2139 3182 της

1241 3193 1401 3228 “πορφύρας,
1417 3202 1469 3223 ητις
1482 3192 1511 3217 ἐκ
1524 3192 1565 3216 τοῦ
1578 3189 1651 3221 βυθοῦ
1668 3199 1711 3220 της
1725 3189 1856 3221 θαλάσσης
1871 3189 1974 3214 ἀνιουσα
1986 3189 2081 3222 βάπτει
2094 3200 2138 3222 την

1242 3231 1550 3266 “καλλίστηνπορφύραν.
1562 3227 1699 3255 KUST.⁷'
1721 3226 1819 3265 Eurip.
1833 3226 1947 3255 Heracl.
1957 3236 2006 3263 40.
2019 3228 2137 3256 TOUP.

1281 3269 1298 3292 h
1313 3269 1457 3297 Δολόεσσαν
1469 3270 1518 3305 γαρ
1531 3267 1599 3304 λεγει
1613 3267 1689 3300 αὖτην
1699 3266 1815 3304 Ὄμηρος]
1832 3266 1935 3304 Odyss.
1950 3269 1982 3301 7‘.
1998 3275 2063 3304 245.

1281 3316 1290 3331 ¹
1305 3308 1464 3347 στρέφουσιν]
1481 3308 1614 3345 στέφουσιν
1629 3306 1821 3335 A.B.V.E.M.

1325 3388 1395 3417 11S
