2508 4048
306 227 415 278 3989

306 314 472 343 continetur
500 314 627 344 denario.
669 317 730 352 Qui
758 318 893 349 denarius
921 327 965 350 est
994 323 1164 362 compositio
1187 333 1204 352 e

305 354 407 393 primis
426 359 552 393 quatuor
573 357 709 386 numeris.
752 359 881 398 Ideoque
902 361 998 390 omnia
1020 362 1204 402 appellarunt

305 397 448 432 τετρακτύν.
491 395 538 424 Ita
566 396 673 426 Sextus
698 398 811 439 Empir.
836 401 900 429 adv.
929 401 1072 431 Mathem.
1096 403 1152 432 IV.
1177 412 1202 431 2.

306 436 464 473 Πυθαγορικοὶ
480 438 594 472 μεγάλην
607 438 750 474 ἀπονέμουσι
772 442 871 477 δύναμιν
891 445 940 473 τοῖς
959 444 1074 479 ἀριθμοῖς·
1095 443 1147 471 ὅθεν
1160 444 1203 472 καὶ

304 475 346 502 ἀεὶ
366 477 506 513 infirm.
523 479 544 491 “
553 482 589 515 τῷ
608 479 702 515 ἀριθμῷ
715 479 739 507 δὲ
754 482 790 507 τὰ.
806 483 879 509 πάντ’
894 482 1023 515 ἐπέοικεν,“
1037 485 1159 519 ὀμνύοντες
1178 487 1204 511 οὔ

303 516 374 551 μόνον
393 516 434 544 τὸν
451 517 560 553 ἀριθμὸν,
575 519 647 546 ἀλλὰ
661 520 703 547 καὶ
717 520 758 548 τὸν
772 520 932 554 ὑποδείξαντα
950 525 1032 555 αὐτοῖς
1051 527 1135 551 τοῦτον
1150 528 1201 551 Πυ-

305 555 422 593 θαγόραν,
436 558 467 588 ὅς
479 556 540 590 θεὸν,
555 558 596 585 διὰ
610 558 655 592 τὴν
669 562 694 587 ἐν
707 562 854 599 ἀριθμητικῇ
865 563 973 597 δύναμιν,
989 563 1106 600 λέγοντες·

425 599 463 624 Οὑ
475 597 515 632 μὰ
529 597 570 625 τὸν
582 599 694 637 ἁμετέρᾳ
707 603 782 636 ψυχᾷ
793 602 933 639 παραδόντα
947 606 1092 639 τετρακτὺν,

424 637 503 673 πηγὴν
516 639 643 666 danudon
655 642 774 677 φύσεως
786 643 931 679 ῥιζόματ“
946 641 1059 677 ἔχουσαν.

305 675 347 704 Et
362 675 445 705 Theo
460 676 628 716 Smyrnaeus
642 679 738 709 Math.
754 681 871 710 Platon.
886 681 932 710 ed.
953 682 1092 712 Bulliald.
1113 694 1137 712 c.
1152 684 1200 721 38.

303 725 332 754 p.
352 724 416 753 147.
430 717 474 744 καὶ
487 719 554 745 δοκεῖ
565 717 594 754 (ἦ
609 722 756 757 τετρακτὺς)
772 722 816 756 τὴν
828 725 876 749 τῦν
888 721 947 750 ὅλων
961 724 1036 760 φύσιν
1049 724 1167 760 συνέχειν.

345 755 404 784 Pro
417 759 428 784 ο·
449 757 474 785 δὲ
495 758 555 786 δέκα
568 761 679 793 σύνθεσις
698 764 746 789 τόν
760 763 886 799 τεσσάρων
899 762 1093 801 supplendum
1115 770 1203 802 atque

955 233 1499 275 LAURENTHINOKK.

1213 415 1273 458 AV·

2044 254 2152 292 3990

1254 322 1344 361 igitur
1357 323 1398 351 ita
1411 323 1516 352 habet:
1539 324 1590 360 περὶ
1611 325 1741 359 ἐκλείψεως
1761 325 1804 352 καὶ
1823 326 1874 363 περὶ
1894 326 2009 362 μεγέθους
2029 327 2095 361 ἦλίου
2109 328 2151 355 καὶ

1254 363 1355 396 σελῆνης
1373 364 1416 390 καὶ
1434 365 1478 400 ’γῆς
1494 363 1529 391 α’.
1543 364 1594 400 περὶ
1608 363 1704 400 ἄστρων
1717 367 1841 393 ἀπλανῶν.
1862 367 1914 403 περὶ
1927 367 2064 402 Ιιι-λανῆτων,
2079 370 2149 404 ἀριθ-

1273 404 1355 437 ητικά.
1369 404 1421 440 περὶ
1434 405 1572 440 πολυγόνων
1588 402 1644 439 (ita
1657 404 1734 432 enim
1748 404 1819 443 leg.)
1834 407 1947 442 ἀριθμῢν.

1294 443 1396 476 Φυσικὸς
1409 443 1478 480 λόγος
1492 466 1499 472 .
1513 466 1520 472 .
1535 465 1542 471 .
1552 442 1626 479 Ἔχει
1640 442 1679 472 οὑν
1691 446 1703 472 ὅ
1716 446 1808 481 οὖρανὸς
1821 446 1848 473 τὸ
1862 447 1991 483 σφαιρικὸν
2005 449 2096 484 σχῆμα
2110 450 2150 476 διὰ

1255 483 1297 517 τὴν
1307 485 1387 520 κύκλῳ
1400 484 1500 518 κίνησιν·
1515 485 1606 518 ταύτην
1620 484 1655 518 δὲ,
1665 486 1706 512 διὰ
1720 486 1752 513 τδ
1763 485 1806 519 τὴν
1816 486 1871 522 πρὸς
1884 487 1924 514 τὸν
1938 491 1987 515 νοῦν
1998 486 2147 524 ἐξομοίωσιν]

1254 522 1354 560 Rejice
1367 522 1441 552 illud
1456 524 1494 552 τό.

1293 563 1428 601 Φωσφόρος,
1442 566 1453 591 ὅ
1468 568 1496 592 τὸ
1509 569 1561 601 φῶς
1574 566 1726 598 ἀνατέλλων,
1741 567 1752 593 ὅ
1769 566 1846 603 ἥλιος]
1872 566 1933 595 Scr.
1948 568 2082 605 φωσφόρος,
2097 570 2108 595 ὅ
2122 569 2150 596 τὸ

1251 607 1303 640 φῢς
1329 605 1491 640 ἀναγγέλλων
1516 604 1765 640 (”ΑΝΑΓΓΕΛΛΩΝ
1790 616 1843 644 pro
1864 609 2080 636 ἈΝΑΤΕΛΛΩΝ
2086 609 2150 646 )·-ὄ

1252 644 1324 678 ἥλιος.
1347 643 1468 672 Homer.
1484 644 1540 673 Od.
1557 645 1648 674 XIII.
1663 655 1712 682 93.
1727 655 1769 684 sq.
1787 644 1845 673 Εἶτ’
1859 648 1940 684 ἀστὴρ
1956 648 2075 684 ὑπερέσχε
2095 654 2150 686 φα-

1253 685 1367 718 άντατος,
1389 683 1447 712 ὅστε
1467 686 1587 721 μάλιστα
1603 684 1724 723 Ἔρχεται
1744 687 1875 723 ἀγγέλλων
1897 689 1960 725 φάος
1981 691 2052 720 Ἠοῦς
2069 689 2150 726 ἠριγε-

1252 725 1320 759 νείης.

1293 766 1400 802 Χάρμος,
1415 767 1580 802 Συρακούσιος,
1595 768 1628 798 εἷς
1641 765 1745 794 ἕκαστον
1759 770 1806 794 τῶν
1819 770 1844 795 ἐν
1858 771 1906 800 τοῖς
1927 768 2023 800 δείπνοις
2040 780 2149 805 παρατι-

303 796 506 834 corrigendum
527 807 598 832 esse,
612 801 624 827 ὅ
637 800 663 828 δὲ
681 801 741 829 δέκα
761 803 871 833 σύνθεσις
891 805 939 830 τῢν
960 805 1087 841 τεσσάρων
1106 807 1239 844 τρότωνΒ
1253 804 1354 840 θεμένων
1374 806 1488 844 στιχίδια
1508 807 1550 834 καὶ
1572 806 1700 843 παροιμίας
1721 805 1801 843 ἔλεγε.
1838 808 1962 845 Κλέαρχος
1983 808 2008 836 δὲ
2030 811 2041 837 ὁ
2063 811 2151 841 Σολεὺς

302 838 418 874 ἀριθμῦν,
433 847 499 866 cum
514 848 531 866 e
549 838 634 868 Sexti
654 839 675 869 l.
689 840 709 869 1.
731 843 859 880 apparet,
875 846 939 870 tum
960 852 997 871 ex
1018 843 1110 873 altero
1123 844 1199 882 ejus-

302 876 369 905 dem
383 877 438 905 viri
454 877 527 906 VII.
542 887 592 915 94.
614 880 665 909 ubi
685 883 820 919 τετρακτὺν
840 882 940 918 ἀριθμόν
956 895 1022 917 τινα,
1037 883 1117 917 dicit,
1128 883 1153 916 ἲς
1173 888 1201 913 ἐκ

302 919 431 955 τεσσάρων
451 919 558 955 ἀριθμῦν
582 931 650 948 τινων
673 919 752 958 (quae
775 931 832 949 vox
857 933 925 949 τινων
947 933 963 951 e
987 929 1126 961 sequente
1154 929 1200 953 τῶν

301 956 377 986 male
399 962 497 991 natam
521 968 622 988 rursus
643 960 785 997 ejicienda
807 971 869 990 esse
887 961 1019 1000 videtur)
1039 967 1086 990 τῦν
1105 966 1201 1002 πρώτων

301 999 465 1034 συγκείμενος,
479 999 521 1026 τὸν
533 999 689 1027 τελειότατον
702 1000 842 1037 ἀτῆρτιζεν,
857 1000 935 1039 ὥσπερ
955 1003 996 1030 τὶν
1017 1003 1085 1030 δέκα.
1105 1002 1131 1031 ἓν
1150 1006 1200 1041 γὰρ

300 1038 344 1065 καὶ
357 1039 395 1065 δύο
407 1039 451 1065 καὶ
464 1039 521 1075 τρία
533 1038 577 1065 καὶ
590 1039 715 1077 τέσσαρα,
730 1041 791 1069 δέκα
804 1043 910 1078 γίνεται.
953 1042 981 1070 Ε
1004 1042 1096 1072 Suida
1109 1043 1200 1082 igitur

300 1094 385 1113 voces
405 1087 501 1122 κρότων
518 1089 590 1124 ἀρῶν,
611 1086 631 1114 i.
647 1097 672 1116 e.
694 1090 790 1125 πρῶτων
811 1091 927 1127 ἀριθμεῖν,
949 1090 1055 1128 quihus
1075 1092 1202 1123 maxima

299 1124 462 1153 similitudo
482 1135 548 1154 cum
569 1127 760 1157 antecedente
779 1132 908 1168 τεσσάρων
925 1130 1127 1166 intercederet,
1149 1132 1201 1160 ali-

301 1164 418 1203 quando
431 1172 618 1196 evanuerant.

1251 847 1423 882 Δειπνολογίαν
1446 849 1521 874 καλεῖ
1543 849 1571 874 τὸ
1591 847 1692 882 ποίημα·
1713 845 1796 879 ἄλλοι,
1817 848 1975 884 Ὀφολογίαν·
2002 851 2149 886 Χρύσιππος,

1252 886 1440 922 Γαστρονομίαν·
1461 885 1544 920 ἄλλοι,
1565 887 1744 922 Ἡδυπάθειαν]
1768 886 1843 922 Quoe
1857 897 1894 916 cx
1909 887 2020 917 Athen.
2036 889 2060 917 1.
2082 899 2106 917 c.
2121 899 2149 924 4.

1251 935 1280 963 p.
1296 933 1324 961 4.
1339 935 1364 953 a.
1379 931 1409 954 et
1424 925 1451 954 d.
1467 936 1493 955 e.
1509 926 1546 955 ad
1559 927 1679 955 verbum
1694 927 1755 956 fere
1769 927 1913 966 descripta
1927 933 2004 957 sunt.
2036 929 2078 957 Et
2089 928 2148 966 jam

1253 965 1400 994 Kusterus
1415 965 1498 1001 vidit,
1514 977 1572 995 non
1587 967 1624 995 de
1637 977 1697 995 uno
1711 967 1870 1005 eodemque
1889 973 2014 1006 utroque
2035 969 2065 997 in
2086 968 2150 997 loco

1250 1004 1306 1042 agi,
1328 1010 1416 1042 atque
1437 1016 1552 1035 carmen
1576 1006 1650 1035 illud
1674 1017 1733 1035 non
1756 1007 1873 1036 Charmi
1895 1007 1947 1037 sed
1967 1008 2150 1037 Archestrati

1251 1053 1321 1072 esse.
1358 1045 1506 1082 Equidem
1520 1051 1617 1075 tamen
1632 1047 1682 1075 vix
1696 1047 1756 1076 fieri
1772 1048 1902 1086 potuisse
1916 1048 2010 1082 credo,
2026 1054 2060 1077 ut
2074 1049 2151 1087 glos-

1251 1094 1290 1112 sae
1310 1089 1411 1113 auctor
1430 1085 1555 1114 Charmo
1575 1086 1651 1115 illud
1670 1087 1823 1122 tribueret,
1838 1098 1904 1116 cum
1925 1088 1955 1116 in
1977 1089 2040 1128 ipso
2055 1089 2150 1118 Athe-

1250 1124 1307 1152 naei
1326 1123 1391 1153 loco
1405 1125 1484 1154 unde
1503 1126 1565 1154 haec
1586 1126 1730 1165 descripta
1747 1133 1825 1162 sunt,
1841 1127 2023 1157 Archestrati
2045 1140 2150 1158 nomen

1251 1164 1290 1193 sit
1311 1165 1485 1204 appositum.
1528 1165 1667 1205 Suspicor
1688 1167 1788 1205 igitur,
1813 1173 1881 1196 ante
1903 1178 2002 1197 vocem
2027 1170 2152 1207 Κλέαρχος

339 1206 440 1242 Τίμαιος
463 1209 625 1244 Ἀνδρομάχου
647 1212 831 1246 Ταυρομενίτης,
853 1209 878 1238 δν
906 1210 1026 1246 Ἀθηναῖοι
1048 1214 1201 1249 Ἐπιτίμαιον
1214 1203 1237 1231 C
1250 1204 1334 1243 plum
1348 1215 1364 1234 e
1379 1205 1472 1234 SUida
1485 1206 1634 1236 excidlsse.

300 1246 443 1282 ὠνόμασαν]
460 1246 510 1275 Ab
524 1247 602 1276 Istro
615 1248 803 1278 Callimachio
824 1260 889 1279 eum
911 1251 954 1280 ita
972 1257 1106 1281 vocatum
1127 1263 1199 1288 esse,

299 1285 462 1315 Athenaeus
475 1286 616 1326 Deipnos.
631 1288 688 1317 V1.
709 1299 739 1328 p.
757 1299 812 1327 272
828 1301 854 1330 a.
869 1291 998 1321 tradidit.
1040 1293 1124 1321 Num
1145 1294 1200 1332 igi-

299 1330 349 1354 tur
362 1326 393 1354 in
408 1326 507 1355 Suidae
520 1327 585 1356 loco
598 1328 753 1367 legendum
765 1342 772 1359 ε
792 1330 819 1359 δν
831 1333 955 1367 Ἀθηναῖος
973 1334 1128 1369 ‘Essa-lpum
1142 1334 1199 1362 ὦνό-

297 1368 403 1399 μοισενῖ.
424 1366 475 1395 An
497 1367 622 1396 alterum
646 1369 702 1398 hoc
723 1371 814 1410 magis
836 1371 940 1411 placet,
966 1373 997 1401 in
1022 1373 1092 1402 Istri
1116 1373 1198 1403 libris

297 1409 417 1435 ’Δττικῧν
443 1407 526 1440 (Ath.
546 1408 605 1437 III.
629 1416 677 1446 74.
696 1412 737 1448 e.)
763 1411 800 1440 de
822 1412 1053 1443 Atheniensibus
1075 1414 1197 1444 eandem

298 1456 359 1475 rem
372 1447 518 1476 memoriae
532 1448 677 1487 proditam
691 1450 803 1480 fuisse?

337 1489 406 1520 Τόνος
419 1508 509 1517 .....
523 1489 592 1521 Τόνος
610 1491 654 1518 καὶ
674 1491 702 1519 τὸ
723 1490 855 1531 ἑξάμετρον
875 1492 936 1526 ἔπος.
980 1495 1083 1523 Πυθικὸν
1100 1493 1128 1529 ἦν
1141 1508 1196 1533 προ-

296 1530 431 1564 μάντευμα
443 1531 468 1556 ἐν
482 1529 554 1562 τόνοις
570 1528 728 1570 ἑξαμέτροις]
747 1533 819 1571 Leg.
833 1533 896 1566 τόνος
909 1535 952 1562 καὶ
967 1535 995 1562 τὸ
1008 1533 1071 1569 ἔπος,
1085 1540 1140 1564 etc.
1155 1536 1197 1564 ita

1290 1247 1419 1283 Χάρυβδις.
1453 1249 1486 1274 Ἡ
1509 1247 1669 1283 ἀναπινομένη
1693 1250 1818 1276 θάλασσα
1839 1250 1891 1285 περὶ
1914 1251 1950 1277 τὰ
1971 1251 2084 1286 Γάδειρα,
2108 1251 2151 1278 καὶ

1248 1287 1324 1314 πάλιν
1337 1288 1458 1323 ῥαγδαίως
1475 1288 1712 1326 ἐπαναστρέφουσα]
1736 1289 1817 1323 Fuit,
1833 1299 1899 1317 cum
1920 1288 2016 1318 locum
2031 1300 2150 1330 corrup-

1248 1330 1312 1354 tum
1326 1336 1388 1355 esse
1402 1337 1558 1362 censerem,
1572 1328 1718 1368 proecipue
1731 1329 1810 1367 quod
1823 1329 1854 1357 in
1868 1329 1963 1358 verbis
1983 1331 2036 1367 περὶ
2049 1332 2084 1358 τὰ
2098 1334 2151 1359 Γά-

1248 1368 1314 1404 δειρα
1328 1367 1407 1406 vocis
1419 1369 1592 1407 ῥαιγδαιοτέρως
1605 1369 1726 1407 vestigia
1737 1369 1853 1408 agnosci
1867 1375 1994 1408 possent.
2016 1370 2150 1400 Eudocia

1247 1411 1345 1435 tamen
1366 1407 1398 1435 in
1419 1408 1548 1437 Violario
1569 1418 1635 1437 cum
1659 1409 1751 1438 Suida
1771 1410 1924 1439 consentit.
1967 1410 2066 1446 Quare
2088 1422 2148 1440 rem

1247 1447 1448 1486 explicandam
1462 1458 1524 1477 esse
1538 1454 1620 1488 puto,
1635 1460 1730 1488 neque
1743 1449 1916 1478 mutandum
1930 1450 2035 1479 locum.
2058 1450 2148 1480 Anti-

1247 1487 1393 1525 quissimis
1406 1488 1544 1517 nimirum
1558 1490 1739 1529 temporibus
1759 1490 1855 1523 Italia,
1870 1495 1900 1519 et
1915 1501 1979 1529 quae
1993 1491 2071 1520 ultra
2085 1502 2148 1520 eam

1247 1527 1426 1557 occidentem
1435 1539 1536 1558 versus
1546 1530 1685 1568 jacerent,
1696 1530 1805 1559 Graecis
1815 1531 1934 1560 minime
1945 1531 2147 1567 innotuerunt,

297 1573 331 1596 ut
345 1567 476 1606 ἑξάμετρον
489 1569 587 1598 studio
601 1570 676 1600 male
690 1571 792 1601 sedulo
806 1583 822 1602 e
841 1574 1029 1612 sequentibus
1050 1575 1196 1613 adjectum
1207 1593 1235 1620 D
1247 1568 1297 1605 qui
1318 1573 1480 1598 statuerent
1497 1570 1574 1599 inter
1589 1570 1718 1599 Siciliam
1732 1576 1819 1609 atque
1834 1571 1943 1600 Oceani
1957 1572 2067 1600 fretum
2081 1583 2147 1611 par-

297 1618 360 1637 esne
373 1608 521 1645 videatur„
537 1610 590 1638 cfr.
606 1610 689 1640 Suid.
704 1622 726 1640 s.
741 1623 768 1641 v.
782 1613 939 1652 Ἑξαμέτροις
951 1615 1032 1648 τόνοις.

336 1650 449 1677 ‘Trarc'a
463 1671 471 1678 .
483 1670 491 1677 ·
504 1671 512 1678 .
523 1671 531 1678 .
545 1649 654 1688 ἔγραψεν
676 1653 806 1689 ὑπόμνημα
830 1657 863 1687 εἷς
884 1657 1024 1694 Διοφάντην
1042 1657 1083 1684 τὸν
1106 1659 1198 1694 ἀστρο.

296 1689 398 1725 νομικὸν,
422 1690 512 1718 κανόνα
534 1693 568 1723 είς
594 1694 630 1720 τὰ
650 1695 748 1727 κυνικὰ,
772 1696 930 1723 Ἀπολλωνίου
952 1696 1100 1735 ὑπόμνημα]
1125 1697 1197 1736 Leg-

297 1728 406 1766 ἔγραψεν
419 1730 548 1766 ὑπόμνημα
562 1734 595 1764 είς
607 1734 755 1770 Διοφάντην.
770 1735 810 1763 τὸν
823 1737 994 1773 ἀστρονομικόν
1006 1737 1103 1765 κανόνα.
1118 1740 1151 1770 εἷς
1163 1740 1198 1766 τὰ

296 1772 386 1798 κωνικὰ
398 1773 557 1800 Ἀπολλωνίου
569 1773 707 1809 ὑπόμνημα.

335 1811 499 1847 *Τπερέσχεθε
525 1814 607 1848 γαίης.
644 1813 749 1852 Ὄμηρος
775 1816 827 1851 περὶ
854 1816 921 1850 ἡλίου
947 1818 1024 1854 φησὶν
1045 1816 1074 1850 ἐξ
1100 1818 1195 1855 ἡρωϊκοῦ

295 1852 428 1887 ςροσῶπου,
442 1850 499 1888 ὑπὲρ
512 1853 558 1887 γῆν
577 1854 626 1885 τὰς
645 1856 771 1887 ἀνατολὰς
791 1853 860 1888 εἶναι,
875 1858 886 1884 ὃ
901 1856 926 1884 δὲ
940 1858 1013 1888 αὐτὸς
1032 1861 1060 1886 ἐκ
1078 1862 1120 1886 τοῦ
1139 1861 1195 1887 ι’δίου

294 1892 427 1927 προσ-ὤιον,
441 1889 470 1923 ἐξ
484 1893 599 1929 ὠκεανοῦ]
624 1892 672 1921 Ita
685 1894 763 1922 enim
784 1895 1028 1934 interpunctionis
1047 1898 1128 1936 signa
1141 1909 1195 1937 po-

296 1930 392 1958 nenda
412 1935 490 1959 sunt.
522 1932 584 1960 Cfr.
604 1932 702 1963 Schol.
725 1934 802 1963 Ven.
823 1935 860 1964 ad
882 1936 918 1964 Il.
934 1936 1008 1965 V11.
1025 1947 1071 1974 24.
1102 1938 1194 1967 VIII.

1248 1618 1318 1636 vum
1338 1608 1495 1638 admodum
1515 1610 1694 1639 intercedere
1715 1611 1850 1650 spatium.
1893 1611 2025 1641 Sufficiat
2045 1613 2147 1641 memi-

1248 1648 1325 1677 nisse
1358 1649 1388 1677 in
1416 1649 1518 1679 eodem
1542 1660 1638 1680 errore
1663 1651 1855 1680 Aristotelem
1879 1651 1974 1681 adhuc
2000 1658 2146 1682 versatum

1248 1698 1318 1718 esse.
1361 1689 1442 1718 Hinc
1465 1691 1670 1729 grammaticus
1690 1691 1794 1729 aliquis
1815 1702 1862 1730 ap.
1882 1692 1965 1721 Suid.
1987 1693 2146 1721 secundum

1247 1729 1396 1767 antiquam
1418 1730 1498 1759 illam
1520 1731 1686 1770 opinionem
1708 1732 1868 1767 Oceanum,
1883 1732 1902 1760 i.
1917 1742 1942 1761 e.
1963 1743 2042 1762 mare
2064 1739 2146 1762 exte-

1247 1769 1319 1803 rius,
1331 1780 1422 1809 prope
1431 1770 1560 1799 Siciliam
1571 1772 1684 1806 statuit,
1694 1772 1867 1806 dicensffota
1878 1774 2001 1810 Χάρυβδις
2011 1774 2053 1801 καὶ
2065 1776 2155 1802 Σκύλ-μ

1247 1815 1283 1837 λα
1296 1813 1321 1838 ἐν
1334 1815 1412 1846 στενῷ
1431 1811 1496 1846 τόπῳ
1515 1813 1612 1848 κειμένη
1633 1813 1776 1849 ὑποδέχεται
1797 1814 1832 1840 τὰ
1847 1817 1888 1841 τοῦ
1903 1816 2004 1842 ὠκεανοῦ
2023 1816 2145 1852 ῥεύματα.

1245 1850 1293 1879 Ita
1306 1850 1405 1889 igitur,
1421 1852 1592 1880 occidentali
1613 1853 1698 1892 plaga
1711 1853 1803 1891 magis
1822 1853 1972 1892 magisque
1993 1854 2145 1893 paullatim

1245 1890 1368 1925 detecta,
1383 1891 1420 1920 ad
1435 1892 1532 1921 Gades
1553 1903 1644 1931 usque
1667 1893 1765 1932 Scylla
1785 1898 1815 1922 et
1837 1894 1998 1933 Charybdis
2019 1904 2144 1924 recesse-

1244 1936 1322 1959 runt.

296 1971 373 2008 485:
392 1970 449 1999 XI,
473 1979 542 2009 734,
582 1972 682 2002 Sujdae
708 1974 773 2003 1000
794 1986 828 2004 ea
849 1976 893 2005 vis
920 1977 1006 2012 inest,
1030 1978 1194 2008 Homerum
1206 1982 1232 2010 E
1287 1969 1462 2001 Suidas⁷ubi
1483 1972 1589 2002 refert:
1613 1975 1715 2011 Πρίσκος
1729 1974 1754 2002 δὲ
1768 1974 1836 2011 λέγει
1856 1976 1908 2012 περὶ
1921 1976 2072 2012 Χαρύβδεως.
2093 1989 2145 2004 πα-

295 2010 398 2039 mundi
418 2012 544 2050 speciem
562 2013 718 2042 rotrmdam
740 2015 837 2044 animo
857 2016 1005 2046 formasse.
1032 2018 1129 2048 *Hinc
1149 2029 1195 2058 ap.

296 2051 381 2080 Suid.
396 2061 419 2080 s-
433 2061 460 2079 V-
475 2053 575 2081 Φαέθων
589 2074 679 2083 .....
694 2053 749 2083 εἶτε
762 2058 812 2093 γὰρ
825 2057 921 2090 Ἠέλιος
938 2059 1036 2096 φαέθων
1049 2060 1196 2097 ὑπερέσχε-τε

296 2091 331 2128 (1.
341 2092 502 2131 ὑπερέσχεθε)
514 2093 595 2130 γᾰίης.
608 2093 712 2131 (Hom.
723 2095 759 2124 Il.
770 2096 826 2125 XI.
839 2106 855 2134 7
859 2098 933 2136 34.),
948 2100 1051 2127 δείκνυσι
1065 2099 1091 2128 δὲ
1104 2102 1116 2128 ὅ
1129 2113 1196 2135 ποιη..

294 2133 339 2166 της
353 2135 494 2171 σφαιροειῆ
507 2131 569 2163 εἶναι
583 2135 623 2162 τὸν
632 2135 730 2170 κόσμον.
752 2136 828 2171 Quae
836 2147 871 2166 eo
881 2138 972 2177 magis
981 2139 1126 2169 monenda
1134 2150 1196 2170 esse

295 2172 377 2207 duxi,
392 2173 471 2211 quod
486 2173 586 2213 Heyn.
601 2175 638 2204 ad
652 2175 689 2204 Il.
705 2176 796 2205 VIII.
811 2177 880 2215 485.
894 2178 985 2208 falsus
999 2185 1052 2208 est.

316 2212 322 2219 “
334 2214 468 2250 Ὑπερίονα.
489 2214 534 2242 Τὸν
547 2215 622 2250 ἥλιον,
637 2215 695 2254 ὑπὲρ
708 2217 774 2253 ἡμᾶς
786 2219 972 2256 ἀνατέλλοντα]
995 2219 1103 2249 Fateor
1121 2221 1195 2250 hanc

295 2253 453 2282 dictionem
473 2254 548 2283 male
565 2265 612 2284 me
625 2256 740 2286 habere.
782 2258 899 2287 Deinde
919 2265 1039 2299 apparet
1051 2261 1099 2290 vel
1113 2271 1130 2290 e
1143 2272 1194 2290 vo-

294 2294 376 2322 cibus
396 2294 453 2331 ὑ-κὲρ
473 2295 548 2331 ἡμᾶς,
562 2295 664 2334 glossae
685 2298 797 2326 auctori
811 2304 879 2328 ante
893 2300 992 2329 oculos
1011 2301 1102 2330 fuisse
1116 2302 1194 2331 vocis

294 2334 406 2372 ὑιερίονος
432 2335 592 2373 originem;
622 2336 701 2366 unde
727 2337 883 2376 legendum
911 2340 1045 2370 videatur
1066 2343 1107 2370 τὸν
1128 2342 1194 2377 ἥλιον

1245 2012 1377 2049 ραπλέσυσι
1398 2012 1424 2040 δὲ
1442 2013 1487 2047 τὴν
1504 2016 1619 2042 Σικελίαν
1639 2015 1693 2052 πρὸς
1713 2020 1746 2052 τῇ
1766 2015 1887 2052 Μεσσήνῃ
1907 2017 1976 2043 κατὰ
1991 2016 2032 2043 τὸν
2044 2017 2145 2053 πορθμὸν

1245 2053 1289 2086 τῆς
1308 2055 1432 2085 Ἰταλίας,
1448 2056 1473 2081 ἐν
1488 2052 1507 2088 ᾧ
1519 2066 1562 2091 περ
1576 2054 1591 2088 ἦ
1605 2056 1728 2092 Χάρυβδις
1747 2056 1890 2091 πνευμάτων
1903 2056 2070 2090 ἐπιλαβόντων
2084 2058 2143 2084 δυσ-

1245 2096 1305 2126 asu,
1324 2095 1406 2126 αὐτοῖς
1425 2095 1528 2130 ἀνδράσι
1548 2094 1697 2129 κατέδυσαν,
1719 2094 1775 2133 leg.
1796 2096 1964 2133 παραπλέουσι
1984 2098 2005 2124 δ.
2019 2109 2045 2124 τ.
2061 2101 2089 2124 Σ.
2105 2109 2144 2135 πρ.

1245 2145 1270 2160 τ.
1286 2137 1323 2160 Μ.
1337 2146 1361 2161 κ.
1376 2146 1401 2161 τ.
1415 2146 1442 2161 π.
1463 2136 1507 2168 τῆς
1526 2137 1649 2169 Ἰταλίας,
1667 2138 1692 2163 ἐν
1712 2134 1730 2171 ᾧ
1749 2147 1792 2173 περ
1813 2136 1828 2170 ἧ
1849 2137 1980 2174 Χάρυβδις,
2002 2140 2144 2173 πνευμάτων

1245 2173 1410 2208 ἐπιλαβόντων
1423 2175 1527 2208 δυσαῶν,
1541 2177 1592 2209 νῆες
1604 2178 1687 2208 αὐτοῖς
1699 2178 1801 2212 ἀνδράσι
1814 2177 1964 2204 κατέδυσαν.

1285 2214 1372 2250 Χρόνου
1384 2214 1454 2242 πόδα.
1486 2216 1546 2243 Ἀπὸ
1560 2216 1681 2253 Εὐριπίδου
1693 2218 1878 2254 Ἀριστοφάνης,
1893 2217 1979 2254 αι’θέρα
1993 2218 2047 2250 Διὸς
2060 2219 2144 2254 δωμά-

1245 2266 1294 2281 τιον
1306 2253 1321 2288 ἢ
1335 2254 1415 2292 χρόνον
1432 2256 1509 2292 πόδα]
1527 2256 1610 2293 Χρόνος
1623 2256 1906 2288 dicuntursublimae
1925 2257 2057 2286 oethereae
2078 2264 2144 2286 are-

1244 2294 1354 2332 giones,
1366 2304 1437 2333 quas
1451 2295 1542 2324 stellae
1560 2306 1660 2325 omnes
1680 2296 1869 2336 inprimisque
1889 2297 1941 2325 Sol
1960 2303 2145 2336 peragrantes

1244 2335 1383 2373 temporis
1397 2336 1490 2374 spatia
1503 2336 1695 2365 constituunt.
1739 2337 1819 2366 Hinc
1833 2337 1863 2365 in
1879 2337 1956 2366 Solis
1970 2338 2053 2376 equis
2062 2339 2146 2376 Χρόνος

293 2374 351 2412 ὑπὲρ
371 2375 438 2411 ἦμες
459 2376 536 2404 ἰόντα,
557 2386 584 2404 v,
607 2376 704 2406 schol,
727 2378 764 2407 ad
786 2379 876 2407 Hom,
891 2380 948 2409 011·
971 2381 996 2410 1·
1013 2381 1039 2410 8,
1061 2382 1192 2421 EtymoL
1207 2372 1230 2400 F
1243 2375 1420 2421 nominatur,
1436 2375 1533 2404 Schol.
1549 2377 1654 2424 Eurip.
1667 2377 1770 2424 Phoen.
1780 2382 1910 2424 33atque
1921 2378 2062 2407 AEtherie.
2077 2379 2144 2418 Hy-

294 2414 373 2444 Gud.
416 2415 542 2455 Propius
562 2421 661 2446 tamen
678 2418 716 2447 ad
729 2429 826 2448 veram
847 2419 1002 2450 lectionem
1021 2428 1109 2460 atque
1129 2433 1194 2461 ger·
1241 2425 1300 2453 gm-
1322 2415 1379 2444 fab·
1409 2416 1473 2453 ¹83·
1502 2416 1539 2446 de
1561 2417 1638 2446 S⁰h8
1658 2427 1750 2456 eqfflss
1780 2421 1880 2446 “stem
1901 2428 1974 2456 q¹¹⁰⁸
1995 2418 2144 2448 Homerus

293 2465 408 2484 manum
422 2456 592 2486 accedemus
603 2458 760 2488 scribentes
774 2460 814 2488 τὸν
825 2460 891 2495 ἥλιον
903 2461 960 2500 ὑπὲρ
974 2463 1040 2499 ἡμᾶς
1053 2463 1121 2491 ι’όντα
1137 2463 1194 2499 [καὶ

293 2496 335 2524 τὸν
348 2496 438 2532 κόσμον
449 2498 649 2535 περι]τολοῦντα.
683 2499 731 2528 Ita
745 2499 875 2539 Etymol.
890 2501 992 2541 Magn.
1006 2505 1102 2540 ὑπερίων
1117 2525 1124 2532 .
1137 2525 1143 2532 .
1157 2525 1164 2532 .
1178 2503 1193 2539 ἢ

293 2538 305 2564 ὂ
323 2538 429 2573 ὑπεράνω
450 2538 517 2573 ἧμὸἱν
538 2537 585 2572 ἴων,
599 2539 643 2566 καὶ
662 2544 791 2577 περιπολῶν
803 2542 844 2569 τὸν
862 2542 960 2578 κόσμον,
975 2548 1005 2572 et
1021 2543 1194 2573 Phurnutus

294 2576 331 2605 de
352 2577 424 2605 Nat.
447 2578 536 2606 Deor.
559 2588 584 2607 c.
603 2588 648 2616 17.
682 2582 804 2618 ιὙπερίων,
826 2583 887 2610 καθὸ
905 2585 1010 2620 ὑπεράνω
1030 2586 1087 2613 τινὰ
1109 2585 1194 2622 ἑτέρων

292 2619 479 2654 περιτορεύεται,
501 2619 552 2647 ubi
572 2618 628 2657 leg.
648 2622 753 2658 ὑπερίων,
777 2623 837 2650 καθὸ
857 2625 962 2661 ὑπεράνω
979 2625 1021 2652 ἴων
1041 2625 1082 2653 τὸν
1101 2626 1194 2663 οὐρανὸν

295 2656 336 2694 (⁶1³⁸
349 2657 410 2695 2)de
423 2658 539 2687 transiit
552 2659 584 2687 in
598 2660 698 2699 ἐτέρων)
712 2664 897 2700 περιπορεύεται.

332 2697 492 2735 “Preme-ran.
526 2702 666 2738 Αἷτιατικῇ.
700 2702 769 2729 'Arri
789 2706 830 2731 τοῦ
852 2705 977 2741 ὑπάγεται
994 2708 1034 2733 τὸν
1053 2707 1133 2741 δῆμον,
1151 2708 1194 2734 καὶ

293 2738 427 2775 ὑποτρέχει,
448 2740 491 2766 καὶ
512 2741 648 2775 κολακεύει,
669 2742 712 2769 καὶ
733 2743 909 2781 καταπραΰνει,
934 2747 1039 2782 α’τάγων
1060 2747 1104 2780 τὴν
1125 2747 1194 2783 ὀργὴν
1206 2762 1232 2789 G

293 2778 400 2806 ἅπασαν
420 2779 465 2812 τὴν
484 2780 539 2816 πρὸς
553 2781 646 2819 αὑτὸν]
665 2781 736 2819 Leg.
751 2782 820 2811 fort.
834 2784 974 2822 ὑπέρχεται.
989 2788 1117 2824 αἰτιατικῇ
1137 2787 1194 2814 ἀντὶ

294 2822 336 2847 τοῦ
358 2819 493 2855 ὑπάγεται.
516 2822 536 2835 ‘¹
547 2820 588 2847 τὸν
611 2822 682 2856 δῆμον
704 2823 747 2849 καὶ
767 2824 900 2861 ὑπέρχεται
927 2826 970 2853 καὶ
991 2828 1127 2861 κολακεύει,
1151 2828 1194 2855 καὶ

275 2861 278 2862 ’
296 2862 316 2874 “
329 2858 495 2896 κατατραΰνει
508 2862 612 2896 ἀπάγων
625 2861 670 2895 τὴν
683 2862 752 2898 ὄργῆν
766 2862 870 2892 ἅπασαν
882 2866 927 2899 τὴν
940 2867 994 2902 πρὸς
1007 2867 1105 2894 αι’σόν.”

334 2898 466 2935 “Τπέσχεν.
500 2900 649 2934 ’Τπέκλινεῃ
664 2899 749 2939 ἔδωκε]
767 2903 843 2932 Vide
861 2914 898 2933 an
913 2915 971 2933 non
986 2906 1024 2934 sit
1038 2906 1194 2944 legendum

291 2938 507 2968 ’τΠΕΜΕΙΝΕΝ
523 2950 576 2979 pro
589 2943 810 2971 ὟΠΕΚΛΙΝΕΝ.
954 2949 961 2956 ·

334 2980 470 3018 Φιλόσοφος
491 2979 574 3017 (fort.
588 2983 708 3015 Φίλιππος
726 2985 737 3011 ὅ
756 2983 890 3022 φιλόσοφος
908 2995 935 3013 v.
959 2985 1080 3014 Kuster.
1103 2986 1140 3014 ad
1156 2986 1192 3025 l.)

295 3041 303 3048 .
315 3041 322 3048 .
334 3041 341 3048 .
356 3021 408 3057 περὶ
422 3022 552 3056 ἐκλείψεως
565 3022 608 3050 καὶ
621 3023 673 3060 περὶ
688 3025 803 3060 μεγέθους
822 3025 897 3059 ἧλίου,
912 3026 955 3053 καὶ
969 3026 1079 3061 σελήνης,
1093 3027 1136 3054 καὶ
1149 3029 1194 3063 ’γῆς

293 3058 328 3088 α’.
348 3062 400 3098 περὶ
420 3064 563 3099 ἀστραπᾶν,
584 3063 637 3099 περὶ
658 3064 796 3098 πλανήτων,
810 3067 970 3103 ἀριθμητικὰ,
990 3067 1042 3104 περὶ
1060 3067 1193 3104 πολυγόνων

292 3103 407 3138 ἀριθμῦν,
429 3103 529 3130 armar
549 3103 585 3137 β’.
603 3107 658 3131 etc.
694 3104 775 3139 Quid
795 3108 930 3143 ἀστραπδὶν
947 3106 1022 3135 libro
1042 3107 1191 3140 faciamus,

293 3151 344 3179 qui
364 3141 396 3170 in
416 3142 512 3170 medio
526 3143 805 3179 mathematicorum,
819 3146 964 3185 praecipue
985 3147 1231 3178 astronomico-H

293 3191 358 3209 rum
379 3192 500 3221 operum
522 3193 642 3212 recensu
663 3194 716 3214 nos
738 3185 881 3215 offendit?
905 3187 964 3215 Pro
987 3187 1038 3216 illo
1057 3191 1191 3226 ἀστραπῶν

293 3229 467 3260 scribamus:
490 3231 586 3269 ἅστρ“”
606 3236 699 3267 ἀπλῶν,
724 3234 742 3261 i.
757 3244 782 3263 e.
808 3235 904 3272 ἄστρων
927 3238 1051 3264 ἀπλανῶν.
1093 3236 1190 3264 Locus

1244 2454 1394 2493 (equidem
1414 2461 1488 2495 puto
1509 2457 1539 2485 in
1560 2457 1588 2485 h.
1610 2457 1641 2486 in
1661 2457 1721 2486 Sol.
1741 2468 1758 2487 e
1779 2468 1838 2496 quo
1859 2463 1925 2497 post
1946 2469 1973 2487 v.
1994 2467 2038 2495 14.
2059 2459 2144 2498 plura

1243 2495 1429 2535 exciderunt)
1462 2497 1561 2532 tradit,
1590 2497 1701 2531 Abrax,
1730 2498 1816 2532 Asso,
1852 2498 2034 2528 a'rherbeeo.
2070 2500 2142 2538 Leg.

1244 2539 1352 2558 ΦΛΕΓΩ
1357 2540 1382 2566 Ν,
1392 2540 1499 2560 Α1ΘΩΝ
1509 2541 1634 2560 ΛῘΘΕΡΙΗ
1646 2541 1741 2569 anot,
1751 2547 1800 2567 quae
1809 2542 1880 2561 lituris
1889 2542 1977 2561 inducta
1985 2543 2114 2562 transierant
2121 2544 2143 2562 in

1260 2572 1357 2592 Asu-5
1398 2573 1476 2593 Acco.
1507 2573 1603 2593 ΘΕΡΒΗ
1649 2575 1694 2593 rm
1744 2572 1760 2595 i.
1772 2580 1793 2596 e.
1805 2572 1899 2602 Abx-ax,
1919 2572 1991 2603 Asso,
2012 2573 2143 2600 Therbeeo.

1244 2601 1296 2630 cfr.
1311 2602 1398 2630 Ovid.
1414 2602 1490 2632 Met.
1505 2604 1545 2632 II.
1560 2612 1624 2641 153.
1647 2604 1758 2633 Similis
1772 2605 1921 2644 corruptio
1935 2606 2032 2634 Schol.
2044 2607 2143 2635 Germ.

1244 2641 1330 2671 Asat.
1352 2651 1423 2679 324.
1447 2643 1570 2678 obtinet,
1596 2644 1647 2673 ubi
1671 2644 1803 2674 AEtherie
1825 2645 1940 2674 transiit
1965 2646 1996 2674 in
2019 2646 2142 2675 Chaerie.

1215 2689 1218 2691 ’
1246 2682 1359 2711 Eodem
1380 2683 1444 2712 loco
1462 2694 1516 2723 pro
1530 2684 1644 2723 AEgiale
1666 2685 1754 2714 Petre
1774 2686 1914 2725 scriptum
1935 2686 2033 2715 malim
2054 2687 2143 2715 Lam-

1243 2722 1331 2761 petie.
1369 2724 1463 2752 Verbo
1477 2729 1593 2753 tantum
1607 2735 1721 2760 mone0,
1738 2736 1791 2765 pro
1805 2726 1940 2765 Merope,
1955 2732 2015 2755 tam
2030 2726 2060 2755 in
2076 2727 2143 2766 Hy-

1243 2763 1305 2801 gini
1326 2763 1383 2792 fab.
1403 2773 1468 2801 154.
1483 2775 1570 2802 quam
1591 2765 1622 2793 in
1644 2765 1741 2794 Schol.
1757 2766 1856 2794 Germ.
1868 2765 1953 2795 Arat.
1968 2766 1987 2795 l.
2002 2766 2022 2795 1.
2044 2767 2142 2806 legen-

1245 2803 1315 2831 dum
1330 2803 1422 2832 videri
1437 2804 1570 2843 Sterope.
1591 2805 1644 2834 cfr.
1660 2805 1773 2845 Hygin.
1788 2806 1845 2835 fab.
1866 2807 1929 2844 183.

1285 2847 1359 2881 Χρῶς,
1375 2848 1459 2881 σῶμα,
1475 2845 1540 2882 ἰδέα]
1559 2845 1640 2874 Fort-
1655 2846 1711 2884 leg.
1725 2849 1795 2884 χρώς,
1810 2848 1925 2883 σώματος
1938 2847 1999 2875 ἰδέα.
2022 2847 2142 2875 Etenim

1243 2884 1306 2920 χρὼς
1313 2884 1360 2912 vel
1368 2885 1503 2922 xpoahajam
1515 2885 1646 2914 Homero
1655 2891 1699 2915 est
1710 2887 1838 2925 corporis
1847 2897 1958 2915 summa
1967 2887 2142 2925 superficies,

1244 2923 1350 2952 deinde
1371 2925 1499 2963 corporis
1519 2925 1606 2953 color.
1631 2926 1756 2955 Aristot.
1772 2926 1808 2955 de
1829 2937 1902 2955 sens.
1917 2932 1947 2955 et
1962 2926 2060 2955 sensili
2075 2937 2098 2955 c.
2114 2937 2142 2964 3.

1244 2964 1273 2991 τὸ
1286 2967 1375 3000 χρόμα
1387 2964 1402 2999 ἢ
1417 2968 1442 2992 ἐν
1455 2968 1490 3001 τῷ
1509 2965 1599 3003 πέρατί
1617 2968 1695 2999 ἔστιν,
1709 2966 1724 3000 ἢ
1738 2968 1820 3004 πέρας,
1836 2968 1869 2995 διὸ
1882 2968 1925 2995 καὶ
1939 2970 1968 2994 αἱ
1987 2968 2142 3004 Πυθαγόρειοι

1243 3004 1288 3037 τὴν
1301 3006 1446 3042 ἐπιφάνειαν
1466 3007 1548 3043 χροιὰν
1561 3007 1670 3034 ἐκάλουν.
1693 3006 1755 3035 Cfr.
1770 3007 1862 3035 Arist.
1878 3007 2004 3042 Quintil.
2019 3007 2056 3036 de
2070 3008 2142 3036 Mu—

1243 3044 1301 3072 sica
1316 3044 1376 3073 111.
1392 3055 1421 3084 p.
1442 3055 1506 3083 133-
1521 3045 1566 3074 ed.
1582 3046 1700 3085 Menag.
1724 3047 1791 3082 Qua
1805 3057 1890 3075 causa
1904 3047 2041 3076 inductus
2056 3048 2143 3077 Plato

1242 3084 1273 3112 in
1288 3084 1418 3114 Menone
1432 3096 1461 3125 p.
1477 3086 1524 3123 76.
1539 3096 1564 3114 a.
1579 3092 1731 3125 postquam
1752 3087 1826 3116 dixit
1841 3092 1939 3125 στερεοῦ
1959 3088 2032 3126 πέρας
2052 3091 2142 3125 σχῆμα

1242 3122 1312 3159 εἶναι,
1326 3135 1395 3154 mox
1409 3126 1491 3155 addit
1505 3129 1595 3163 σχῆμα
1609 3137 1670 3156 esse
1684 3131 1783 3164 χρῶμα.

1243 3216 1282 3266 16
1299 3219 1323 3234 v.
1341 3211 1439 3236 Hesiod.
1460 3213 1552 3244 Theog.
1567 3213 1621 3245 269.
1640 3214 1753 3245 Apollon.
1776 3214 1824 3238 Rh.
1842 3215 1936 3246 Argon.
1958 3215 1992 3238 11.
2012 3222 2068 3245 300.
2086 3215 2141 3245 587.

1283 3261 1288 3266 .
1299 3250 1328 3274 95
1334 3250 1355 3267 2.

1278 3441 1351 3469 228
