2508 4048
429 341 481 378 39
487 339 508 378 7
518 341 533 366 1
918 332 1166 364 EPMHNEIA
1192 332 1291 364 mN
1322 329 1777 365 ΕΠΙΣΤΡΑΤΕΤΜΑΤΩΝ
2152 339 2204 377 39
2209 338 2258 377 72

428 411 479 448 καὶ
497 412 583 452 τέλος
600 413 784 459 ὅνομάζουσι.
816 410 877 448 Καὶ
894 411 943 448 τόν
959 411 1125 459 ἡγούμενον,
1142 412 1318 460 Μεράρχην·
1336 421 1358 448 Α
1370 410 1446 445 πολὺ
1462 415 1517 445 τῶν
1534 412 1657 446 ὁπλιτῶν
1674 410 1843 457 λειπόμενα.
1889 409 1983 446 ‘’Ele-t
2000 411 2031 446 δε
2048 410 2098 446 καὶ
2116 416 2171 455 τῆς
2188 412 2263 459 ὄχη-

430 462 739 510 οι’δέ,’1ελετάρχην.

480 511 750 559 ωΦαλαγγαρχία.
793 513 836 546 Aa*
859 510 906 546 δυο
932 510 1120 558 Μεραρχίαι,
1146 510 1246 556 ἄνδρες
1271 525 1322 544 τε-

429 560 633 607 τρακισχίλιοι
652 561 830 604 ἐννενήκοντα
847 559 889 601 ἕξ.
939 559 1071 596 Τοῦτο”
1057 576 1121 595 ενιοι
1147 558 1197 594 καὶ
1215 560 1322 594 ἀποτο-

429 610 488 655 μὴν
515 610 638 670 κέρατος
662 610 767 655 φασίν
803 610 831 645 οἱ
855 610 896 650 δε,
923 609 1021 657 μέρος.
1072 610 1181 644 Πάλαι
1209 608 1240 643 δὲ
1270 605 1320 642 καὶ

431 658 602 706 στρατηγία
634 659 780 694 ε’καλεῒτο·
815 657 865 694 καὶ
899 659 913 693 o‘
940 658 1110 705 ἡγούμενος,
1139 656 1320 705 στρατηγός.

431 711 494 743 Νῦν
512 709 554 750 δὲ,
572 709 817 771 Φαλαγγάρχης.

1371 464 1503 505 ματικῆς
1519 460 1667 506 δυνάμεως
1682 465 1762 508 τρεῖς
1778 460 1927 508 διαφοραί.
1972 463 2016 495 H
2035 461 2088 506 μὲν
2104 462 2163 509 γάρ
2181 461 2263 496 ἔστιν

1371 507 1508 552 ιἰ’ππικῆ·
1525 511 1554 570 κἡ
1572 510 1603 545 δὲ
1621 509 1656 545 δι’
1674 510 1821 556 ἁρμάτων·
1848 511 1867 553 7
1884 510 1926 551 δὲ,
1945 509 1980 545 δι’
1999 509 2176 555 ελεφάντων.
2200 514 2263 546 Του

1372 557 1433 592 δὲ’
1421 562 1541 593 ιππικοῦ
1562 557 1596 594 τό
1613 574 1668 605 μεν
1689 560 1792 598 ἁπλῶς
1816 574 1892 596 ουτω
1914 563 2065 602 καλειται,
2084 558 2194 600 ἷππεις,
2211 557 2263 594 καὶ

1372 606 1496 642 ἱππικόν·
1524 623 1558 642 το
1583 609 1625 650 δὲ,
1653 607 1818 654 αμφιπποι.
1867 609 2037 670 ’Ἀμφιπποι
2066 608 2132 654 μὲν,
2159 608 2187 643 οἱ
2215 607 2264 643 ε’πὶ

1371 656 1481 691 δυοιν’
1463 655 1623 718 αστρῶτοιν
1643 657 1885 720 συνδεδεμένοιν’
1871 657 2031 704 οχοῦμενοι·
2059 673 2084 693 οι
2101 656 2152 692 καὶ
2168 673 2264 703 μετα-

1370 705 1499 748 πηδῶσιν
1523 705 1575 741 ἀπ’
1598 706 1694 742 ἄλλον
1724 705 1767 741 ἔπ’
1790 706 1893 749 ἄλλον,
1917 705 1985 741 ὅταν
2010 708 2029 750 7
2053 722 2143 753 χρεια
2169 710 2263 755 καλῇ.

479 756 699 803 Διφαλαγγια.
725 758 769 792 A}
782 756 829 792 δύο
846 755 1096 804 φαλαγγαρχίαι,
1114 755 1246 802 ανδρες’
1231 770 1322 790 οκτα-
1371 758 1432 789 Τοῦ
1458 755 1489 790 δὲ
1510 755 1611 815 κυρίως
1638 756 1757 791 ἷππικου
1780 754 1814 789 τὸ
1836 755 1892 802 μέν
1915 755 1982 790 ἔστι
2005 757 2228 818 κατάφρακτον,
2249 755 2263 791 ὃ

429 805 577 852 κισχίλιοι
594 804 696 841 ἕκατον
714 806 893 850 ἐννενήκοντα
910 806 968 841 δύο.
1006 809 1102 840 Τοῦτο
1119 805 1151 839 δὲ
1168 820 1218 839 και
1234 804 1322 851 μέρος
1336 803 1361 831 Β
1374 819 1423 838 και
1439 820 1508 843 τους
1526 820 1630 844 ιπους
1652 821 1702 839 και
1720 820 1789 844 τους
1806 819 1914 844 ιππεας
1938 805 2165 852 πεφραγμένους
2189 821 2265 852 παρ-

431 854 509 890 ὗπ”
497 871 571 890 ενιων
588 860 739 899 καλεῖται,
757 855 842 891 ἀλλα
858 871 907 891 και
925 855 1023 902 κε’ρας,
1040 870 1090 889 και
1114 855 1127 889 ὅ
1153 853 1323 900 ἡγουμενος,

432 905 602 953 Κειᾶρκης·

482 955 624 1001 Φάλαγξ.
668 956 711 987 Ἢ
733 952 1064 1000 τετραφαλαγγαρχία,
1085 952 1120 987 αἱ
1138 951 1209 987 1ι1δύο
1232 952 1324 996 διφα-

431 1003 571 1049 λαγγιαι,
589 1003 687 1050 ἄνδρες
713 1001 846 1042 ους-τπδ’.
864 1006 950 1038 τοῦτο
974 1018 1033 1049 γαρ
1051 1004 1070 1046 7
1086 1000 1192 1037 τελεια
1209 1017 1259 1036 και
1277 1017 1325 1036 ευ-

429 1068 564 1099 χρηστος
580 1053 718 1098 φάλαγξ.

482 1105 589 1144 Μῆκος
614 1099 682 1136 ε’στι
705 1102 879 1147 φάλαγγος,
897 1117 930 1136 το
947 1105 1056 1147 πρῶτον
1073 1100 1107 1135 ἐκ
1131 1104 1184 1134 τῶν
1207 1098 1324 1145 Ρλόχων

433 1150 601 1197 συνταγμα·
629 1166 642 1185 ο
661 1166 714 1185 υπο
730 1166 802 1196 μιαν
820 1150 930 1185 εὐθεῖαν
949 1151 1111 1190 τάσσεται,
1127 1147 1184 1183 ἀπο
1202 1163 1324 1208 κερατος

433 1200 476 1239 εἶς
501 1199 589 1260 κέρας
615 1200 764 1234 διατεῖνον.
815 1203 966 1234 Καλεΐται
984 1199 1015 1233 δὲ
1031 1202 1116 1233 τοῦτο
1139 1213 1189 1231 και
1210 1195 1325 1257 πρόσω-

432 1266 495 1290 πον,
522 1265 572 1284 και
599 1264 743 1308 μετωπον,
771 1263 821 1282 και
849 1247 961 1293 στόμα,
987 1262 1038 1282 και
1066 1247 1243 1306 παράταξις,
1273 1261 1324 1280 και

431 1297 630 1358 πρωτολοχια,
648 1313 697 1332 και
715 1297 954 1344 (ἱπρωτοστάται.
995 1299 1036 1330 Ο
1053 1296 1085 1330 δὲ
1100 1293 1223 1330 κατόπιν
1241 1294 1326 1330 Ι’του-

430 1363 482 1382 του
500 1363 610 1393 στιχος
626 1362 676 1381 και
699 1346 895 1393 παράλληλος
921 1361 1064 1391 κειμενος,
1088 1344 1216 1391 δεύτερον
1241 1342 1325 1391 ζυγον

432 1401 583 1431 καλεῖται·
611 1412 661 1431 και
680 1396 693 1430 o'
710 1411 820 1458 τριτος,
838 1394 944 1456 τρίτον·
972 1410 1021 1429 και
1039 1395 1137 1437 {575‘
1116 1393 1253 1456 ομοίως.η

479 1447 576 1485 Βάθος
602 1443 669 1480 ἔστι
693 1446 869 1491 φάλαγγος,
886 1459 920 1479 το
937 1460 1018 1490 μετα
1034 1459 1067 1478 το
1084 1443 1217 1490 μέτωπον
1233 1455 1323 1478 απαν

431 1511 481 1530 και
505 1496 518 1529 ὅ
541 1493 598 1529 ἀπο
620 1498 755 1541 λοχονγου
779 1493 826 1529 ἔπι
848 1492 968 1541 οὗραγον
993 1509 1111 1540 στιχος,
1129 1509 1209 1528 κατα
1231 1493 1325 1534 βάθος

431 1545 566 1590 λέγεται.

480 1593 619 1640 Ζυγεῒν’
606 1609 684 1636 εστι,
700 1609 734 1628 το
753 1592 797 1628 ἔπ’
815 1592 927 1631 εὖθειας
952 1596 993 1641 τῷ
1016 1607 1097 1627 κατα
1113 1596 1207 1638 μῆκος
1225 1590 1324 1639 στίχω

431 1642 595 1685 κεισθαι,”
578 1658 641 1686 ητοι
658 1643 860 1703 παραλλήλους
878 1641 967 1703 ἔχειν.

480 1692 634 1739 Στιχειν’
622 1708 700 1735 εστι,
718 1707 752 1727 το
770 1691 813 1727 ἐπ’
833 1691 945 1731 εὗθειας
969 1694 1085 1726 κεῖσθαι
1106 1694 1147 1738 τῷ
1164 1705 1244 1725 κατα
1261 1690 1325 1731 βά-

429 1745 475 1781 θος
493 1741 601 1790 στίχω.
649 1745 745 1776 Τοῦτο
762 1757 821 1788 γαρ
839 1757 889 1776 και
908 1756 1010 1788 κυριως
1026 1739 1186 1786 8λεγεσθαι
1205 1738 1322 1786 στίχον.

477 1789 651 1838 Διχοτομια
667 1792 843 1837 φάλαγγος,
860 1792 879 1833 7
897 1790 940 1829 εἷς
957 1788 1037 1825 3²1⁰*
1023 1806 1076 1824 ισα
1091 1789 1181 1834 τομή.
1216 1792 1324 1823 Ταυτα

428 1840 459 1875 δὲ
483 1857 524 1875 τα
552 1841 628 1888 μέρη
656 1844 796 1875 καλειται
823 1839 943 1901 κέρατα·
980 1836 1015 1873 ὢν
1041 1854 1074 1873 το
1101 1838 1156 1885 μὲν
1183 1836 1322 1884 εὖῶνυμον

427 1906 516 1937 κερας
541 1890 664 1936 λέγεται
687 1905 737 1924 και
764 1888 842 1937 οὖρά·
878 1904 912 1924 το
935 1888 967 1923 δε
991 1886 1100 1929 λοιπον,
1128 1886 1228 1931 δεξιον,
1255 1885 1322 1922 ικαι

427 1939 562 1984 κεφαλὴ,
581 1955 630 1973 και
647 1937 771 1979 δεξιον’
754 1939 938 1999 ακρωτῆριον,
954 1953 1005 1972 και
1023 1937 1140 1978 δεξιὰ’
1121 1938 1212 1984 αρχῆ.

477 1990 638 2048 ι’“Ὄραρος,
663 2003 714 2022 και
741 1986 893 2050 ἆμφαλος,
921 2002 971 2021 κου
996 1987 1117 2032 συνοχή.
1168 1989 1319 2032 Πρᾶγμα,

427 2037 465 2077 ὦς
480 2037 558 2080 ἔνιοι,
576 2053 627 2072 και
646 2035 759 2083 στόμα,
777 2037 815 2076 ὦς
818 2052 935 2096 ετεροι,
952 2037 971 2079 7
988 2034 1148 2082 διχοτομια
1165 2040 1318 2069 καλεῖται.

477 2090 637 2129 Ὅπλῒται,
653 2083 838 2127 πελτασται,
856 2084 952 2128 ψιλοι,
970 2089 1026 2127 τῆς
1046 2088 1168 2127 πεζικῆς
1192 2082 1251 2119 εἶσι
1270 2099 1320 2118 και

425 2152 566 2183 μαχιμου
583 2135 740 2181 δυνάμεως.
787 2136 921 2182 ’Έχουσι
941 2134 992 2169 Χδε
1010 2133 1163 2181 διαφοράν.
1207 2136 1321 2168 'onai‘-

425 2201 475 2221 ται
492 2201 547 2231 μεν
562 2200 621 2232 γαρ
639 2184 789 2231 λέγονται,
807 2184 835 2219 οἷ
858 2184 1017 2245 βαρυτάτῃ
1043 2182 1218 2243 κεχρημένοι
1235 2185 1321 2218 καθο-

425 2234 530 2269 πλῖσει
548 2250 628 2269 κατα
645 2249 693 2268 τον
709 2233 909 2269 Μακεδονικον
925 2231 1039 2281 τρόπον,
1056 2230 1168 2267 ἄσπισι
1190 2237 1207 2261 y
1212 2248 1246 2267 τε
1267 2247 1321 2267 πε-

425 2283 573 2332 ριφερεσι,
601 2299 651 2318 και
681 2282 783 2330 δόρασι
811 2282 1083 2343 περιμηκεστέροις·
1110 2279 1194 2324 ψιλοι
1223 2282 1266 2325 δὲ,
1295 2297 1320 2316 οι

425 2334 616 2395 κουφοτάτῃ.
661 2332 864 2380 ΖἘκεχρηντο
887 2348 946 2380 γαρ
972 2330 1078 2374 τόξοις,
1096 2346 1146 2366 και
1165 2330 1319 2372 άκοντιοις,

427 2399 477 2418 και
495 2382 616 2422 λιθοις’
603 2398 637 2418 εκ
655 2381 858 2427 σφενδόνης,
842 2398 861 2425 η
879 2382 912 2417 ἔκ
936 2379 1047 2443 χειρός.
1098 2381 1143 2415 Οι
1157 2380 1188 2415 δε
1204 2387 1320 2416 πελτα-

428 2448 498 2467 σται
515 2432 597 2481 με’σῃ
613 2447 674 2471 πως
692 2431 847 2479 ἐκέχρηντο
865 2435 970 2493 σκευῇ.
1019 2431 1065 2464 Ἥ
1083 2445 1118 2465 τε
1128 2445 1193 2489 γαρ
1210 2429 1319 2473 πελτη,

426 2482 520 2530 μικρά
536 2497 584 2521 τις
601 2479 682 2517 ἔστιν
699 2480 866 2524 άσπιδίσκη
883 2496 933 2516 και
951 2479 1059 2525 κουφη·
1086 2495 1137 2514 και
1153 2494 1193 2514 τα
1211 2478 1320 2527 δόρατα

468 2638 493 2653 ¹¹¹
507 2633 705 2669 Φαλαγγαρχίαι
721 2631 809 2660 Coisl.
824 2632 874 2669 qui
888 2642 956 2660 mox
970 2634 1056 2669 ἀνδρων
1070 2636 1124 2660 etc.

467 2678 484 2693 ¹¹
499 2673 537 2700 δυο
545 2673 693 2709 φάλαγγες]
707 2671 806 2700 Scribe
817 2674 854 2700 δύο
863 2674 1040 2709 &aspum-pylas.
1056 2671 1134 2700 Vide
1145 2681 1197 2699 nos
1208 2670 1245 2699 ad
1254 2671 1320 2700 Sui-

428 2711 826 2750 (18Π1,ν.Τετραφαλαγγαρχια.
843 2712 966 2740 KUST.
1000 2713 1037 2741 δυο
1052 2711 1195 2749 διφαλακγγ’

467 2757 482 2772 0
496 2752 589 2787 ις-τπῖ]
603 2751 652 2780 Sic
666 2757 744 2780 reete
754 2751 845 2780 codex
860 2762 911 2780 ms.
933 2753 1026 2780 Antea
1038 2761 1105 2780 vero
1119 2750 1193 2779 male
1208 2750 1319 2789 legeba-

429 2795 478 2818 tur
493 2792 566 2824 rwB,
581 2791 600 2818 i.
615 2801 641 2819 e
656 2791 744 2827 6384.
767 2791 889 2819 KUST.

469 2836 485 2859 P
499 2834 612 2867 λοχαγων
625 2831 712 2858 Coisl.

468 2876 483 2898 q
498 2873 585 2907 πρῶτον
608 2872 678 2907 ζῦγον
702 2871 745 2898 καὶ
768 2871 880 2908 παρυφὴ,
904 2871 948 2898 καὶ
972 2870 1086 2906 ἦγεμόνες
1112 2870 1155 2897 καὶ
1181 2873 1319 2906 προστάται

431 2909 518 2938 Coisl.

469 2956 482 2972 1·
495 2951 583 2978 τούτων
597 2950 684 2979 Coisl.
700 2950 750 2988 qui
764 2959 831 2978 mox
847 2949 927 2978 addit
941 2951 1053 2986 κείμενος.

470 2996 481 3011 S
495 2990 597 3026 λέγεται
611 2990 673 3018 sine
687 2991 773 3026 στίχον
785 2989 873 3018 Coisl.

470 3032 480 3051 t
493 3031 564 3067 κέρας
578 3030 667 3059 Coisl.

469 3076 486 3091 u
494 3068 606 3107 Ὄραρος]
618 3070 715 3098 Aliter
731 3069 835 3098 Suidas
847 3079 873 3098 v.
884 3070 1038 3105 Διχοτομίαε
1055 3069 1105 3098 ubi
1116 3069 1182 3098 vide
1193 3079 1257 3107 quoe
1268 3079 1320 3098 no-

428 3110 562 3138 tavimus.
585 3109 707 3138 KUST.
749 3110 841 3138 Deest
855 3114 908 3138 art.
924 3108 1011 3138 Coisl.

471 3156 484 3171 Χ
499 3150 524 3177 δὲ
537 3150 579 3177 καὶ
595 3150 683 3178 Coisl.

470 3195 485 3218 y
499 3201 527 3216 τε
541 3199 596 3217 om.
612 3189 700 3218 Coisl.

472 3234 485 3249 2
499 3230 626 3264 κέχρηνται
642 3229 730 3258 Coisl.
745 3235 775 3258 et
785 3240 853 3258 mox
867 3228 938 3265 τόξῳ.

472 3274 487 3290 ³
501 3270 557 3295 Effe.
580 3269 605 3296 δὲ
627 3281 669 3296 και
692 3271 736 3303 τῆς
757 3270 842 3307 ὄχημ]
860 3269 938 3298 Vide
958 3269 1077 3298 suidam
1092 3270 1246 3304 V.‘1⁹rmu‹7:
1269 3269 1319 3309 qui

430 3307 529 3337 eadem
542 3307 636 3336 habet.
660 3308 781 3337 KUST.

471 3347 488 3369 b
502 3349 621 3384 &dranus
613 3360 695 3382 ιππικη
711 3348 798 3377 Coisl.

1375 853 1489 899 εχεται·
1516 869 1550 888 το
1577 853 1620 896 δὲ,
1646 852 1889 900 άκατάφρακτον.
1940 853 2077 888 ᾱΤοῦτων
2104 853 2135 888 δὲ
2160 853 2188 888 οἷ
2210 870 2266 899 μεν

1374 901 1529 949 θυρεους”
1513 918 1642 949 εχοντες,
1666 902 1828 951 θυρεοφόροι
1851 906 2019 938 καλουνται·
2047 919 2072 938 οι
2098 903 2140 945 δε,
2164 905 2267 942 ἁπλῶς

1375 950 1668 1013 δορατοφόροι.οι
1692 952 1723 987 δε
1746 950 1978 999 άκροβολισται,
2005 949 2060 987 οἷον
2080 967 2105 987 οι
2129 950 2267 1000 πόρρωθεν

1375 999 1555 1040 βαλλοντες.
1606 1002 1650 1036 Οι
1664 1002 1718 1047 μὲν
1735 1001 1878 1063 δορατιοις
1899 1006 2039 1048 χρῶνται,
2057 1001 2085 1036 οἷ
2107 1005 2266 1036 καλουνται

1373 1053 1556 1097 Ταραντινοι,
1569 1050 1683 1085 gaurana
1700 1051 1731 1086 δὲ
1748 1051 1775 1086 οἷ
1789 1067 1844 1097 μεν
1860 1049 1944 1097 μόνον
1956 1049 2165 1094 οἷκοντιζουσιν,
2179 1050 2223 1090 εἷς
2236 1050 2266 1085 δὲ

1373 1103 1480 1145 χεῖρας
1504 1103 1568 1137 τοῖς
1594 1098 1750 1144 πολεμίοις
1778 1099 1830 1134 οὖκ
1859 1099 2003 1147 ἔρχονται·
2031 1115 2082 1134 και
2108 1103 2266 1135 καλοῦνται

1374 1162 1616 1190 ιππακοντισται,
1634 1163 1684 1182 και
1701 1151 1886 1193 Ταραντῖνοι.
1922 1149 1967 1183 Οἱ
1981 1148 2024 1190 δε,
2040 1147 2146 1190 τόξοις·
2172 1164 2197 1184 οι
2215 1148 2267 1184 λε’-

1339 1186 1362 1212 C
1373 1211 1475 1242 γονται
1493 1195 1693 1237 ιπποτοξόται.
1729 1195 1834 1245 [fl'E‘n
1852 1197 1880 1232 οἱ
1894 1197 1949 1242 μὲν
1966 1196 2110 1258 δορατίοις
2126 1202 2265 1244 χρῶνται,

1375 1260 1399 1280 οι
1417 1249 1577 1280 καλουνται
1593 1250 1778 1293 Ταραντῖνοι.
1829 1247 1873 1281 Οι
1896 1246 1939 1288 δε,
1955 1244 2107 1288 resim-‚⁰
2081 1262 2105 1281 οι
2131 1246 2266 1292 λε’γονται
2294 1273 2299 1276 -

1376 1293 1564 1337 ιπποτοξόται
1570 1293 1595 1344 .]
1645 1297 1719 1330 ‘'E-rt
1737 1295 1780 1337 δε,
1798 1295 1826 1330 οἱ
1840 1311 1895 1342 μεν
1911 1293 2142 1357 δορατοφόροι,
2126 1311 2145 1338 η
2162 1296 2268 1336 ξυστο-

1374 1342 1505 1390 φοροι,
1488 1360 1507 1387 η
1524 1343 1701 1400 κοντοφοροι.
1754 1347 1922 1380 Καλοῦνται
1939 1360 1998 1405 γαρ
2017 1361 2080 1384 τοις
2095 1360 2192 1405 τρισιν
2208 1344 2268 1380 δνό-

1373 1408 1478 1438 μασιν.
1515 1391 1606 1428 Ουτοι
1624 1393 1656 1429 δε
1673 1391 1760 1435 εἶσιν,
1778 1394 1806 1429 οἶ
1820 1392 1878 1428 άπο
1894 1398 1949 1428 τῶν
1966 1410 2057 1429 ιππων
2073 1409 2124 1429 και
2140 1393 2269 1436 πλησίον

1373 1441 1529 1504 πολεμιοις
1554 1442 1654 1489 δόρατι
1679 1442 1952 1490 μαχόμενοι.οι
1972 1443 2014 1484 δὲ,
2034 1443 2264 1491 ἀκροβολισταί·

1375 1488 1431 1527 οἷον
1457 1489 1595 1562 πόρρωθεν
1618 1490 1798 1534 βάλλοντες.
1848 1493 1923 1527 ’Έτι
1953 1496 2009 1535 τῆς
2036 1492 2158 1535 ιππικῆς
2184 1492 2269 1528 δυνά-

1336 1569 1365 1596 D
1373 1556 1451 1586 μεως
1469 1539 1741 1602 Ι’κοιτάφρακτοι,’
1728 1557 1969 1584 ιππακοντισται,
1983 1539 2120 1589 ἔλαφροι,
2134 1540 2269 1590 θυρεοφο-

1372 1606 1428 1638 ροι,
1447 1606 1471 1625 οι
1490 1606 1540 1625 και
1556 1594 1742 1639 Ταραντινοι,
1760 1589 1958 1632 ιπποτοξόται.

1424 1639 1582 1679 Πνκνωσις
1597 1656 1676 1676 κατα
1688 1639 1887 1699 παραστάτην
1897 1656 1948 1675 και
1959 1638 2132 1684 ἐπιστάτην.
2158 1639 2269 1675 ιΤουτ-

1375 1704 1453 1729 εστι,
1470 1705 1550 1724 κατα
1566 1694 1661 1735 μῆκος
1677 1705 1728 1724 και
1746 1691 1849 1731 βαθος.
1887 1690 2024 1736 Κατέχει
2042 1689 2104 1725 δε’
2090 1705 2104 1725 ο
2121 1705 2268 1725 πεπυκνω-

1373 1738 1459 1784 μένος
1489 1738 1559 1787 οἷνηρ
1592 1740 1702 1786 πήχεις
1740 1739 1798 1775 δυο·
1834 1741 1848 1774 ὅ
1882 1739 1913 1774 δε
1944 1741 2047 1778 ἁπλῶς
2075 1737 2268 1786 τεταγμένος,

1373 1788 1484 1834 πήχεις
1501 1786 1536 1823 δ’.

1422 1836 1647 1884 Συνασπισμός.
1688 1837 1820 1873 ''Grau‘'
1802 1854 1930 1877 εκαστος
1945 1838 2015 1886 άνηρ
2032 1842 2086 1873 τῶν
2103 1837 2132 1873 ἕν
2147 1841 2188 1887 τῇ
2203 1837 2267 1883 φά-

1372 1893 1468 1933 λαγγι
1494 1887 1612 1948 κατέχῃ
1637 1891 1734 1934 πῆχυν
1757 1886 1817 1930 ἕνα,
1835 1886 1904 1923 τότε
1930 1903 2014 1922 τουτο
2039 1891 2180 1922 καλειται
2198 1901 2266 1922 συν-

1333 1954 1358 1982 E
1371 1934 1538 1981 ασπισμός.

1420 1983 1574 2047 Πρόταξις
1590 1989 1693 2027 ψιλῶν.
1728 1987 1806 2021 ‘'O-te
1824 1990 1879 2020 τῶν
1895 1984 1994 2020 ἄλλων
2010 1991 2088 2020 ουτοι
2104 1984 2133 2020 ἒν
2144 1985 2266 2034 πολέμῳ

1369 2034 1594 2081 προτάττονται·
1613 2032 1777 2074 ’Τπόταξις
1790 2033 1867 2076 δε,”
1847 2049 1895 2069 οτε
1910 2033 2133 2069 ὖποτάττονται.
2160 2037 2266 2095 Προσ-

1373 2082 1485 2124 ἔνταξις
1512 2083 1596 2124 δέ,“’
1577 2098 1626 2118 οτε
1651 2099 1700 2118 και
1727 2081 1940 2129 ἐμπλεκόμενοι
1965 2087 2003 2133 τῇ
2028 2084 2173 2130 φάλαγγι
2181 2082 2265 2144 mwap’

1370 2131 1462 2180 ανδρα
1477 2133 1646 2168 τάττονται.
1689 2132 1821 2179 Λέγεται
1841 2133 1872 2168 δὲ
1889 2148 1939 2167 και
1955 2120 2132 2196 παρένταξις
2145 2148 2242 2168 τουτο.

1398 2182 1616 2245 Παρεμβολὴ
1645 2183 1846 2229 παρεντάξεως
1873 2181 2018 2245 διαφέρει.
2070 2182 2265 2230 Παρεμβολῆ

1369 2246 1425 2277 μεν
1441 2232 1500 2278 γάρ
1527 2231 1609 2266 ε’στιν
1631 2233 1649 2275 7
1671 2236 1725 2266 τῶν
1742 2230 1843 2278 ὃμοιων
1859 2230 2040 2279 παρένθεσις·
2068 2228 2124 2266 οἷον
2141 2232 2266 2266 §vn-rav

1369 2279 1438 2327 παρ’
1456 2279 1592 2320 ὁπλιτας·
1620 2279 1639 2324 7
1663 2285 1757 2322 ψιλῶν
1781 2296 1863 2328 παρα
1882 2274 2266 2344 ιςπ,14ιλους.Παρέν-τ·οιξις

1333 2339 1356 2367 F
1371 2329 1447 2372 δε,’
1431 2346 1449 2373 η
1474 2334 1528 2365 τῶν
1549 2329 1694 2376 άνομοιων·
1721 2328 1776 2366 οἷον
1796 2331 1921 2366 ὁπλιτῶν
1936 2330 2018 2378 παρὰ
2033 2329 2151 2372 ψιλονς·
2177 2328 2196 2373 7
2212 2333 2264 2373 ψι-

1370 2383 1426 2413 λῶν
1442 2395 1523 2427 παρα
1540 2379 1677 2419 ὅπλιτας.

1370 2477 1387 2512 ὃ
1407 2427 1582 2520 κὈλὲόχος,
1599 2427 1648 2471 Ῑέξ
1670 2429 1773 2477 ἀνδρῶν
1789 2427 1827 2472 η’.
1870 2427 2040 2471 Σῦστασις,
2057 2426 2083 2463 δ’
2099 2427 2197 2476 λόχοι,
2213 2428 2264 2464 οἷν-

1385 2493 1438 2525 ρων
1513 2505 1521 2512 .

1411 2635 1425 2650 c
1439 2630 1481 2657 καὶ
1495 2639 1552 2658 om.
1569 2629 1656 2658 Coisl.

1410 2667 1427 2690 d
1440 2671 1473 2696 Οι
1485 2669 1530 2705 μὲν
1539 2668 1714 2722 δρροι·ιόφιίροι”Δ
1701 2682 1716 2703 η
1728 2667 1888 2707 κοντοφόροιῆ
1902 2667 2050 2706 ξυστοφόροι·
2067 2669 2199 2695 καλοῦνται
2211 2666 2262 2702 γὰρ

1185 2724 1220 2740 ια,
1230 2710 1319 2740 Coisl.
1332 2726 1359 2754 G
1370 2712 1419 2741 τοῖς
1431 2710 1509 2746 τρισιν
1522 2710 1645 2746 ὀνόμασιν.
1666 2708 1727 2737 ουτοι
1741 2709 1768 2737 δέ
1780 2711 1840 2737 εἰσιν
1853 2711 1874 2735 οἱ
1886 2708 1935 2736 &ab
1947 2719 1995 2735 των
2007 2708 2091 2741 ἵππων,
2105 2707 2148 2734 καὶ
2160 2707 2262 2740 πλησίον

1370 2752 1419 2780 τοῖς
1438 2751 1556 2785 πολεμίοις
1575 2749 1657 2786 δόρασι
1677 2749 1819 2784 μαχόμενοι.
1840 2749 1928 2775 τούτων
1948 2747 1974 2775 δὲ
1997 2759 2018 2775 οι
2038 2746 2085 2783 μὲν
2107 2747 2150 2774 καὶ
2174 2747 2263 2784 θνρεους

1371 2787 1459 2816 Coisl.

1411 2826 1442 2848 f'
1443 2832 1487 2855 Ετι
1501 2830 1522 2855 οι
1538 2828 1583 2864 μὲν
1597 2829 1676 2865 δορατ.
1759 2825 1926 2863 ιπποτοξόται]
1943 2826 2091 2861 Quorsum
2105 2825 2166 2854 haee
2178 2835 2262 2864 repe-

1370 2869 1494 2896 tuntur?
1518 2867 1630 2896 Eadem
1649 2867 1726 2896 enim
1741 2867 1872 2906 proxime
1886 2871 1953 2895 ante
1963 2866 2024 2904 jam
2039 2865 2116 2894 diota
2129 2865 2261 2894 fuerunt.

1373 2906 1495 2936 KUST.
1517 2907 1634 2936 Desunt
1648 2906 1736 2935 Coisl.

1414 2953 1431 2976 Ε
1443 2950 1464 2975 οἱ
1476 2947 1522 2984 μὲν
1534 2947 1602 3000 μόνον
1620 2949 1796 2982 ἀκοντίζουσιν,
1818 2950 1851 2979 εἰς
1870 2946 1896 2975 δὲ
1915 2950 1999 2984 χεῖρας
2018 2949 2067 2978 τοῖς
2085 2945 2205 2982 πολεμίοις
2221 2947 2262 2973 οὒκ

1370 2988 1490 3027 ἔρχονται,
1506 2989 1548 3016 και
1561 2990 1692 3015 καλουνται
1708 2987 1897 3015 ἱππακοντισταὶ
1911 2987 1954 3015 καὶ
1967 2987 2028 3019 ἶδίοις
2039 2988 2188 3036 Ταραντῖνοι·
2201 2987 2223 3012 οἱ
2235 2985 2260 3013 δὲ

1370 3031 1405 3057 τὰ
1425 3028 1470 3064 μὲν
1483 3031 1567 3065 πρότα
1581 3030 1695 3066 ἐλαφροῖς
1707 3029 1822 3059 ἀκοντίοις
1834 3029 1986 3062 ἀκοντίζουσι
1999 3023 2150 3063 πόρρωθεν,”
2135 3036 2222 3053 πειτα
2235 3024 2261 3053 δὲ

1369 3070 1413 3097 και
1426 3070 1599 3103 πλησιάζοντες
1617 3067 1797 3103 συμπλέκονται
1815 3070 1864 3098 τοῖς
1877 3065 2026 3103 πολεμίοις
2013 3079 2028 3100 η
2041 3067 2150 3097 σπάθαις
2162 3063 2176 3099 7
2189 3064 2261 3092 πελέ-

1330 3110 1359 3138 Η
1370 3121 1438 3138 κεσιν
1451 3107 1640 3144 ἀπομαχόμενοι,
1654 3109 1691 3140 οὕς
1702 3112 1781 3146 φασιν
1795 3109 1919 3145 ἔλαφρους.
1933 3105 2021 3135 Coisl.

1410 3147 1428 3171 h
1443 3148 1631 3186 Καταφρακτοὶ,
1647 3147 1785 3185 θυρεοφόροι,
1800 3146 1957 3185 δορατοφοροι,
1972 3144 2161 3174 ἱππακοντισταὶ
2178 3146 2200 3172 οι
2217 3144 2260 3172 καὶ

1369 3192 1519 3233 Ταραντῖνοι·
1540 3188 1650 3225 ἐλαφροι,
1666 3186 1829 3220 ἱπποτοξόται.
1845 3185 1932 3215 coisl-

1410 3231 1522 3303 ἰίτῷυᾶἴὲ
1531 3229 1647 3296 {ogs-vlam
1661 3226 1750 3256 Coisl.

1411 3307 1420 3331 l
1432 3307 1460 3341 ἐξ
1473 3318 1529 3336 om.
1544 3307 1630 3336 Coisl.
