2508 4048
303 346 411 395 2269
689 346 732 386 A
767 345 808 385 A

299 486 481 535 td374m'70v.

346 536 461 572 ΛᾸΡοΣ
479 537 522 573 ἐκ
540 536 686 574 uitium:
711 538 870 588 Παροιμίαι
890 539 939 576 ἐπὶ
955 545 1009 576 τῶν
1025 541 1107 588 ταχὺ
1123 543 1197 578 ἄπο-

299 584 438 622 διδόντων.

347 636 564 672 ΛΑΡότΕΡοΣΖ
592 638 766 687 Ἤὸὗτερος.

346 684 592 721 ΛΑΜΓΓίΖΕῙΝε
619 686 663 722 Tb
686 688 844 736 πλατύνειν
867 690 920 733 τὴν
945 690 1052 736 φωνὴν,
1077 688 1129 726 καὶ
1153 692 1198 738 μὴ

298 733 378 768 κατὰ
393 733 487 779 φύσιν
502 735 701 782 φθέγγεσθαι,
718 738 790 774 ἀλλ’
808 738 988 783 ἐπιτηδεύειν
1011 740 1198 789 περιεργότε-

293 798 341 831 ρον
356 787 398 832 τῷ
420 784 551 831 λάρυγγι
576 789 718 832 χρῆσθαι.
770 789 981 835 ΧΔημοσθένης
1008 790 1036 825 ἔν
1062 794 1103 839 τῷ
1125 790 1196 839 ὑπὲρ

296 835 525 879 Κτησιφῶντος.
568 832 633 869 Καὶ
650 836 905 882 AAPTrrizorm,
923 842 1044 880 βοῶσιν.

335 899 352 922 y
358 896 392 921 Οἱ
405 893 430 922 δὲ
443 894 543 931 κόρακες
557 896 736 931 περιιπτάμενοι
755 894 804 922 ἄνω
824 897 867 923 καὶ
884 898 962 930 κάτω,
978 899 1136 934 θορυβούμενοι
1154 900 1197 926 καὶ

295 933 441 971 κεκραγότες
452 936 522 969 μετὰ
533 936 625 968 πολλῆς
637 936 783 972 ἀσελγείας,
798 934 843 963 οἷον
856 939 878 963 οἱ
891 936 989 973 κόρακες
1002 939 1182 975 λαρυγγίζονσι.

346 983 534 1018 ΛΑΡΤΓΓιᾶε
562 984 819 1031 Καταβοῆσομαι,
837 982 929 1029 φησὶ,
947 989 1001 1020 τῶν
1023 985 1122 1021 ἄλλων
1143 989 1196 1035 ῥη-

295 1031 394 1079 τόρων·
413 1030 432 1076 ἢ
449 1032 502 1076 τὴν
518 1034 665 1081 φάρυγγα
682 1033 808 1081 ε’κτεμῶ,
823 1032 875 1069 καὶ
892 1036 1094 1082 κατασιγάσω
1111 1036 1197 1076 Ζτοὺς

294 1082 431 1130 ῥήτορας.
482 1081 656 1128 Τμηθεῖσης
676 1084 735 1132 γὰρ
760 1088 816 1127 τῆς
831 1085 999 1132 φάρυγγος,
1018 1085 1075 1133 οὐχ
1091 1084 1147 1121 οἶόν
1163 1102 1198 1122 τε

296 1131 393 1177 φωνὴν
408 1127 572 1180 προΐεσθαι.

350 1180 515 1230 [Mn-rs,
533 1183 694 1245 λίγυγγος.
735 1182 868 1219 <hints
886 1183 918 1219 δὲ
934 1186 1103 1232 φάρυγγος,
1120 1186 1196 1234 γρά-

297 1237 406 1277 φουσιν
422 1231 451 1267 οἷ
464 1229 602 1281 πολλοιι]

345 1281 506 1317 Adsum:
533 1283 578 1317 Oa*
599 1282 790 1331 χυτρόποδες,
807 1282 859 1318 καὶ
881 1282 922 1319 τὰ
937 1283 1110 1333 μαγειρεῒα,
1127 1284 1196 1321 ὅπου

295 1335 336 1381 τῇ
352 1335 453 1381 βουλῇ
471 1332 648 1375 σκευάζεται
665 1332 746 1379 μετὰ
762 1332 819 1372 τὰς
836 1332 941 1373 θυσίας
957 1334 1040 1382 κρέα.

347 1381 475 1416 Adam:
501 1381 622 1417 Δασέα.

343 1432 579 1467 ΛΛΣῐόκαΦοΣΖ
608 1435 648 1467 Ὀ
666 1431 733 1467 λίαν
747 1430 856 1477 κωφός·
885 1430 940 1468 οἷον
958 1433 1055 1468 λάσια
1077 1433 1117 1468 τὰ
1133 1430 1196 1468 cii-ra

296 1479 381 1528 ἔχων,
397 1481 436 1520 ὦς
453 1485 705 1528 συγκεκωφῶσθαι
723 1482 775 1517 καὶ
791 1483 989 1525 ἀναισθητεῖν.

346 1530 488 1566 ΛᾹΣιοιε
514 1531 714 1580 Πολύτριχοι,
732 1531 751 1575 ἢ
769 1531 893 1567 συνετοί.

336 1664 348 1684 t
360 1663 514 1700 ἀδδηφάγον]
530 1665 658 1701 ἀδηφάγον
672 1665 707 1692 Α.

336 1702 488 1739 υἜΛΕΣι]
504 1704 615 1739 Νεμέσει
630 1702 757 1732 Photius.
778 1704 848 1732 Mox
864 1706 1000 1742 Δαμάτερος
1012 1705 1056 1732 Μ.

334 1747 553 1770 ΔΑΡΥΓΓΙΖΕΙΝ
568 1754 574 1771 :
597 1744 630 1771 Τὸ
648 1744 742 1780 vnum]
759 1744 802 1772 Ex
817 1744 1054 1783 Harpocratione.
1075 1745 1192 1774 KUST.

294 1783 390 1812 Schol.
406 1783 492 1820 Greg.
507 1783 581 1811 Naz.
596 1783 689 1812 Stelit.
705 1794 732 1821 p.
745 1793 791 1821 23.
826 1786 982 1821 λαρυγγίζειν
996 1785 1022 1813 δέ
1040 1788 1096 1813 ἐστι
1110 1786 1139 1813 τὸ
1153 1786 1193 1813 τὸν

293 1826 408 1862 λάρυγγα
420 1824 475 1861 πρὸς
484 1825 606 1862 εἰφημίαν
618 1823 721 1861 ἅγειν,ἢ
734 1825 829 1862 μελέτῃ
832 1824 865 1859 ,ἦ
878 1837 931 1852 τισι
944 1827 1097 1862 κλύσμασιν.
1119 1825 1193 1854 Ibld.

293 1874 321 1902 p.
334 1864 383 1902 96.
410 1865 439 1892 τὸ
452 1864 478 1892 δὲ
492 1866 648 1902 λαρυγγίζειν
661 1865 765 1901 μίμησίς
777 1868 833 1893 ε’στι
851 1867 939 1903 φωνῆς,
953 1866 1013 1893 ὅταν
1026 1878 1063 1898 τις
1074 1866 1192 1904 τερπόμε-

271 1907 275 1911 ’
293 1917 330 1938 νος
341 1903 375 1937 οἷς
386 1904 463 1942 λέγει,
478 1908 517 1933 ἐπι
526 1925 533 1932 .
547 1926 554 1933 .
566 1917 624 1939 .ησι
637 1908 686 1938 τῧς
698 1911 732 1943 τῇ·
744 1909 820 1944 φωνῇ,
834 1906 877 1934 καὶ
891 1909 976 1934 στενοῒ
985 1907 1071 1941 αὐτήν.

334 1952 351 1966 ¹
365 1946 531 1982 Δημοσθένης]
549 1944 582 1973 Ρ.
594 1954 662 1982 323,
677 1954 701 1973 1.
782 1957 786 1960 ·

1633 355 1676 393 Λ
1711 356 1753 395 Α
2035 376 2141 416 2270

431 441 471 473 ..E
512 437 522 449 x
579 437 590 450 x
611 440 620 452 ε
669 440 680 453 J
747 438 761 451 ν
814 438 823 452 Ι
854 441 862 452 ν
959 443 968 454 e
1102 442 1111 454 x
1187 443 1196 455 x
1371 443 1381 457 Ι
1555 443 1564 456 N
1707 448 1717 461 l
1790 450 1799 461 e
1847 450 1855 462 e

375 464 383 472 .
472 453 522 474 τει
540 454 589 474 και
606 454 620 474 ο
638 446 728 487 λαρος
744 454 833 487 ορνεον
849 455 931 475 εστιν
948 455 1128 489 αρπακτικον
1145 451 1231 479 καιΑ
1296 448 1458 479 ΛΑΣῑοιΣε
1485 448 1564 492 Περι
1580 449 1769 490 Φιλοκτητου
1785 465 1798 483 ο
1817 457 1914 496 λογος·

1368 498 1465 530 aossm
1477 499 1627 535 πρωτογόνων
1641 499 1699 532 ἴσως

1369 537 1455 566 Βοῖκων
1465 539 1551 571 οὐδενὸς
1564 540 1669 576 ὕστερος,

1368 579 1465 606 πάντων
1478 577 1583 616 ἄμμορος
1596 582 1620 607 ἐν
1633 581 1679 615 βίῳ

1370 621 1461 650 κεῖται,
1475 622 1555 654 μοῦνος
1568 622 1612 647 ἀπ’
1626 619 1717 654 ἄλλων,

1370 662 1477 686 mmm
1490 658 1505 692 ἢ
1519 661 1612 687 λασίων
1625 663 1693 696 μετὰ

1369 699 1458 735 θηρίων.

1298 742 1416 778 Athen
1428 756 1436 778 τ
1464 743 1630 784 οΑἷλιανός·

1288 802 1393 837 Λέγουσι
1413 802 1448 835 δὲ,
1466 802 1502 830 ὅτι
1521 803 1571 831 οὐδὲ
1592 805 1734 841 προσθέτους
1753 806 1803 834 οὐδὲ
1823 810 1940 841 ἐπακτοὺς
1953 808 2050 846 ἀκίμας
2063 815 2090 839 ἐκ
2103 814 2146 846 τῆς

1208 837 1234 865 Β
1245 842 1334 878 ὕβρεως
1351 843 1394 869 καὶ
1416 844 1511 878 λάσθης
1531 846 1556 876 ἐς
1574 844 1619 878 τὴν
1639 847 1722 881 χρείαν
1738 849 1937 883 παρελάμβανεν,
1955 853 2025 879 ἀλλὰ
2043 850 2073 884 ἃς
2091 850 2144 888 εἶχε

1247 885 1368 919 συμφυεῖς
1379 885 1463 910 ἀσκῶν
1476 884 1520 912 καὶ
1533 885 1669 913 Εέκτεῖνων.

1247 933 1311 970 Καὶ
1328 933 1420 975 αὖθις·
1467 942 1471 946 ’

1287 994 1320 1019 Οἱ
1340 992 1366 1020 δὲ
1386 994 1521 1027 Μεσσήνιοι
1540 997 1584 1022 σὺν
1603 998 1686 1034 λάσθῃ
1706 998 1749 1025 καὶ
1767 999 1867 1035 γέλωτι,
1888 1000 1966 1038 ὅσπερ
1985 1001 2082 1039 ἄθυρμα
2100 1008 2145 1031 ’τῶν

1247 1036 1417 1069 Σπαρτιατῶν,
1431 1035 1467 1061 τὰ
1480 1038 1565 1072 πρῶτα
1577 1039 1620 1064 τοῦ
1633 1038 1688 1069 Διὸς
1701 1039 1855 1075 ἀναθήματα
1869 1038 2026 1079 1’ὃιε’σ·ιιέιριιιν.

1297 1081 1422 1124 ΛᾹΣοΣ,
1448 1083 1615 1132 Χαρβῖνου,
1642 1087 1850 1133 ἕἘρμιονεὺς,
1876 1087 1990 1130 πόλεως
2017 1095 2071 1135 τῆς
2098 1095 2146 1127 Ἆ-

1247 1129 1352 1178 χαΐας,
1369 1134 1496 1179 γεγονὼς
1521 1134 1602 1170 κατὰ
1623 1135 1677 1178 ‘¹37¹'
1702 1134 1768 1180 11νη’
1786 1139 1994 1185 ἱΟλυμπιάὸα,
2013 1140 2060 1176 ὅτε
2078 1145 2146 1177 Δα-

1246 1185 1324 1228 ρεῖος
1344 1182 1358 1216 o‘
1385 1184 1576 1219 *Tordovrom
1628 1183 1756 1226 1111Τινὲς
1772 1187 1804 1222 δὲ
1820 1192 1920 1224 τοῦτον
1937 1194 2144 1238 συναριθμοῦσι

1212 1227 1308 1270 croi}
1334 1230 1362 1274 ζ
1378 1237 1496 1278 σοφοῖς,
1514 1233 1579 1269 ἀντὶ
1600 1236 1790 1284 Περιάνδρου.
1843 1237 1981 1286 ἱΠρῶτος
2007 1241 2037 1276 δὲ
2063 1240 2145 1281 οὗτος

1246 1279 1312 1327 περὶ
1343 1287 1494 1328 μουσικῆς.
1520 1283 1607 1331 λόγον
1633 1284 1757 1333 ἔγραψε,
1786 1286 1838 1322 καὶ
1872 1286 2073 1337 ιζὸιθῦραμβον
2103 1292 2146 1331 εἷς

1246 1331 1344 1377 ἀγῶνα
1361 1332 1520 1380 εἰσήγαγε,
1537 1332 1589 1369 καὶ
1605 1335 1674 1375 τοὺς
1699 1335 1865 1384 ε’ριστικοὺς
1888 1338 2074 1386 εἰσηγήσατο
2092 1340 2145 1377 λα’-

1245 1396 1326 1426 γους.

1294 1432 1669 1469 ΛΑΣΤΑΤΡοΚᾹκΚΑΒοΝε
1697 1437 1810 1483 Βρῶμά
1826 1453 1855 1471 τι
1881 1437 1947 1472 ἔστι
1964 1439 2044 1486 παρὰ
2062 1444 2144 1488 Χρυ-

1247 1479 1346 1528 σίππῳ
1363 1481 1519 1528 εἰρημένον,
1537 1482 1565 1518 ἐν
1581 1487 1622 1531 τῷ
1638 1482 1716 1532 Περὶ
1735 1488 1839 1521 Καλοῦ
1857 1485 1907 1522 καὶ
1924 1487 2033 1532 ἡδονῆς·
2053 1489 2091 1529 ὥς
2108 1488 2143 1525 ἂν

1245 1534 1300 1572 τῆς
1316 1536 1506 1574 κατασκευῆς
1521 1532 1612 1568 αὐτοῦ
1630 1533 1721 1577 ου’σης
1737 1536 1972 1584 περιεργοτέρας.
2021 1562 2023 1564 -

1207 1614 1236 1642 D

1243 1662 1352 1691 Comici
1362 1663 1426 1691 loco
1436 1663 1556 1692 laudato.
1579 1664 1656 1692 Atin
1666 1665 1804 1703 prioribus
1816 1666 1895 1695 editt.
1905 1667 1999 1704 [etV.]
2012 1678 2144 1698 numerus

1243 1704 1320 1741 prior
1342 1703 1449 1732 incuria
1469 1703 1646 1732 librariorum
1670 1705 1790 1734 omissus
1815 1713 1876 1735 est:
1906 1708 1981 1745 quod
2008 1710 2141 1738 mendum

1239 1746 1299 1782 jam
1314 1749 1380 1772 ante
1394 1743 1477 1772 etiam
1493 1754 1510 1772 a
1528 1745 1656 1774 Meursio
1675 1746 1711 1774 ad
1725 1746 1934 1780 Aristoxenum,
1950 1748 2065 1787 aliisque
2079 1750 2143 1779 viris

1244 1783 1335 1812 doctis
1354 1784 1531 1813 observatum
1551 1785 1650 1814 fuerat.
1694 1787 1826 1816 Ceterum
1847 1793 1939 1816 totum
1958 1789 2033 1818 hunc
2048 1790 2142 1819 locum

1244 1824 1346 1858 Suidae,
1363 1835 1443 1863 aeque
1464 1835 1496 1854 ac
1518 1825 1606 1854 multa
1627 1825 1690 1859 alia,
1706 1827 1829 1866 Scaliger
1847 1827 1877 1856 in
1893 1828 2073 1859 Collectanea
2093 1841 2144 1860 sua

1244 1864 1397 1899 Historica,
1418 1866 1572 1894 secundum
1593 1866 1692 1895 seriem
1708 1867 1908 1906 Olympiadum
1930 1869 2047 1908 digesta,
2068 1874 2142 1900 αὐτο-

1243 1904 1309 1938 λεξεὶ
1330 1906 1491 1934 transtulit:
1517 1906 1592 1944 quod
1616 1907 1679 1935 ideo
1705 1918 1817 1941 moneo,
1839 1919 1875 1937 ne
1896 1909 1957 1947 quis
1981 1910 2053 1939 forte
2077 1921 2142 1940 cum

1243 1945 1309 1974 viris
1323 1946 1504 1980 doctissimis,
1517 1947 1654 1981 Meursio,
1670 1947 1780 1982 Vossio,
1795 1949 1905 1983 Jonsio,
1920 1949 2037 1988 aliisque
2051 1958 2140 1990 putet,

332 1991 350 2014 y
363 1988 397 2013 Οἱ
409 1985 435 2014 δὲ
449 1986 558 2023 κόρακες]
571 1985 684 2014 Horum
699 1995 763 2025 pars
774 1985 829 2024 leg.
839 1987 869 2014 in
882 1986 1028 2023 Ἀσέλογεια.
1042 1987 1192 2016 HEMST.
1204 2002 1230 2030 E
1244 1986 1424 2016 Collectanea
1445 1987 1500 2015 ista
1519 1987 1555 2015 ab
1579 1988 1697 2027 antiquo
1718 1988 1812 2027 aliquo
1834 1989 1969 2028 scriptore
1990 1992 2142 2030 compilata

331 2030 513 2054 AAP'rrrln:
537 2026 656 2062 Kana]
672 2026 718 2054 Ex
738 2026 835 2055 Schol.
850 2027 995 2066 Aristoph.
1010 2027 1107 2065 Equit.
1122 2035 1191 2065 357.

291 2066 409 2095 KUST.
450 2066 530 2095 Hine
550 2070 684 2104 Λαρυγγᾶς
702 2066 718 2102 ἢ
736 2067 895 2105 Δανρωγόρας
909 2068 998 2096 Isaac.
1012 2068 1148 2106 Porphyr.
1161 2068 1191 2096 in

290 2107 374 2135 Char.
390 2107 513 2136 Graecor.
535 2113 566 2136 et
585 2108 701 2145 Trojan.
721 2107 758 2136 de
779 2108 938 2141 Palamede,
954 2108 1088 2145 Rutgers.
1104 2109 1140 2137 V.
1154 2109 1189 2137 L.

289 2156 316 2175 c.
331 2146 384 2176 ult.
399 2154 427 2186 p.
444 2155 512 2185 512.
533 2148 693 2176 REINES.

331 2194 346 2209 Ζ
359 2189 424 2224 τοὺς]
440 2190 527 2221 αὐτοὺς
539 2188 612 2216 ΒιΕ.

330 2229 472 2264 ΛΑΡΥΓΞ]
486 2228 577 2256 Deest
586 2227 625 2266 gl.
634 2228 670 2256 V.
692 2227 791 2256 Habet
802 2229 835 2256 A.
845 2227 875 2255 in
887 2237 975 2267 marg.
988 2228 1036 2257 ubi
1051 2228 1188 2267 scriptum

290 2270 311 2296 οἱ
323 2269 406 2296 πολλοὶ
419 2268 445 2296 δὲ
459 2266 541 2305 φάρυξ
553 2270 660 2306 φάρυγος
671 2270 815 2305 γράφουσιν.
839 2267 903 2296 Vid.
918 2268 992 2297 infra
1005 2268 1115 2307 Φᾶρυγξ.

331 2312 480 2336 ΛΑΣΑΝΑε
504 2311 538 2335 Οἵ
551 2308 667 2345 xum-pbr]
683 2308 728 2336 Ex
743 2308 837 2336 Schol.
847 2308 991 2347 Aristoph.
1006 2309 1073 2337 Pac.
1085 2310 1152 2347 893.

1243 2027 1337 2061 fuisse,
1352 2037 1385 2056 ex
1399 2027 1503 2065 quibus
1519 2027 1618 2056 Suidas
1636 2029 1730 2057 forsan
1751 2039 1801 2058 sua
1821 2030 1952 2059 hauserit.
1995 2033 2070 2061 Sane
2084 2033 2142 2071 ipse

1243 2067 1368 2105 Scaliger
1389 2067 1417 2095 in
1440 2068 1496 2096 fine
1519 2074 1649 2097 notarum
1673 2069 1708 2097 ad
1728 2070 1828 2098 Graeca
1847 2070 2009 2100 Eusebiana
2029 2083 2058 2111 p.
2071 2083 2138 2110 43¹·

1245 2107 1325 2146 (edit.
1341 2108 1497 2136 Amstelod.
1510 2109 1609 2146 1658.)
1627 2119 1657 2138 se
1678 2110 1925 2139 Collectaneorum
1942 2111 2057 2140 istorum
2080 2123 2141 2142 esse

1240 2153 1394 2181 auctorem,
1408 2148 1452 2176 his
1467 2148 1558 2177 verbis
1571 2159 1700 2187 expresse
1713 2156 1848 2179 testatur:
1873 2152 2013 2180 Postremo
2027 2165 2140 2191 συναγω-

1239 2189 1285 2225 γὴν
1299 2189 1417 2226 ἱστορικὴν
1431 2188 1470 2223 (is
1484 2190 1562 2217 enim
1575 2189 1821 2218 Collectaneorum
1836 2190 1954 2220 istorum
1968 2199 2012 2220 est
2025 2192 2136 2230 titulus)

1240 2239 1258 2256 a
1277 2229 1353 2256 nobis
1368 2230 1472 2266 partim
1492 2238 1525 2257 ex
1543 2231 1629 2263 editis,
1645 2232 1750 2267 partim
1769 2240 1803 2258 ez·
1819 2233 1939 2260 nondum
1955 2234 2034 2261 editis
2050 2235 2136 2271 scrip-

1240 2269 1342 2297 toribus
1356 2270 1497 2297 collectam
1511 2279 1570 2306 quae
1583 2280 1638 2298 non
1657 2272 1743 2299 solum
1761 2273 1799 2299 ad
1813 2272 1978 2306 Eusebium,
1993 2275 2040 2301 sed
2057 2276 2138 2303 etiam

1239 2310 1277 2337 ad
1296 2311 1452 2338 memoriam
1472 2312 1571 2338 veteris
1592 2311 1710 2339 historioe
1734 2312 1926 2341 illustrandam
1947 2323 2047 2350 magno
2064 2325 2136 2351 prae-

331 2349 562 2385 ΛΑΣΙΟΚΩΦΟΣ]
578 2347 710 2376 Occurrit
729 2357 781 2376 vox
805 2348 859 2377 ista
883 2349 958 2387 apud
984 2349 1133 2378 Platonem
1158 2350 1188 2378 in
1237 2351 1306 2377 sidio
1319 2352 1380 2383 erit,
1395 2351 1446 2378 8ιο.
1482 2351 1578 2380 Quare
1593 2350 1679 2379 miror
1693 2350 1764 2379 viros
1779 2352 1958 2381 doctissimos
1971 2353 2041 2382 illud
2055 2354 2137 2393 igno-

291 2388 411 2417 Phaedro
431 2398 459 2426 p.
468 2397 537 2425 347.
561 2394 591 2416 et
612 2388 762 2426 Synesium
785 2388 815 2417 in
838 2390 960 2417 Encom.
986 2389 1085 2418 Calvit.
1101 2391 1186 2428 p.67.
1202 2390 1226 2418 F
1239 2400 1330 2418 rasse:
1351 2389 1400 2428 qui
1414 2389 1523 2428 quoties
1535 2390 1717 2420 Collectanea
1731 2391 1779 2420 illa
1793 2391 1940 2421 Historica
1949 2393 2049 2428 citant,
2064 2405 2136 2424 sem-

289 2428 366 2468 quod
390 2427 454 2456 ideo
476 2437 589 2462 moneo,
605 2429 672 2467 quia
693 2429 784 2457 Henr.
807 2430 969 2467 Stephanus
990 2429 1019 2457 in
1041 2431 1186 2459 Thesauro

289 2479 340 2498 suo
354 2468 429 2497 vocis
443 2468 526 2507 hujus
539 2469 650 2496 nullum
664 2469 744 2497 affert
757 2470 928 2508 exemplum.
942 2470 1059 2498 KUST.
1090 2471 1187 2499 Plato-

288 2509 334 2538 nis
351 2509 416 2538 edd.
429 2511 524 2542 λάσιος,
538 2511 625 2547 κωφὸς,
645 2509 694 2538 sed
717 2510 888 2538 membranae
902 2509 1068 2539 Bodleianae
1085 2511 1188 2550 aliique

288 2560 356 2579 mss.
371 2549 465 2578 Suidae
479 2549 693 2588 adstipulantur.
716 2550 763 2579 Gl.
777 2549 866 2579 habet
877 2550 1004 2579 Photius.

328 2591 458 2627 ΔΑΣΙΟΙ]
475 2590 539 2618 vid.
554 2590 650 2619 Schol.
663 2590 698 2618 Il.
713 2591 747 2618 α’.
762 2591 825 2628 189.

327 2637 344 2653 a
357 2630 434 2663 Οὗτος
445 2630 606 2668 πρωτογόνων]
624 2631 757 2670 Sophocl.
772 2631 893 2660 Philoct.
908 2632 974 2661 180.

327 2670 344 2694 b
357 2672 432 2708 ἥκων]
455 2671 502 2699 Sic
520 2671 585 2700 edd.
600 2672 635 2699 E.
657 2678 687 2700 et
706 2672 736 2699 in
759 2672 899 2710 Sophocle
917 2673 963 2701 ed.
980 2672 1103 2701 Brunck.
1120 2683 1185 2711 pro-

286 2713 374 2740 bante
386 2712 515 2740 Porsono
530 2712 559 2739 in
574 2712 648 2750 App.
663 2712 699 2740 ad
711 2712 867 2751 Toupium.
895 2712 962 2741 οἴκων
972 2714 1081 2742 A.B.V.
1103 2719 1133 2742 et
1146 2713 1186 2743 sic

287 2751 436 2791 Sophoclis
449 2751 628 2790 exemplaria.

1237 2440 1287 2469 per
1314 2431 1496 2469 Anonymum
1521 2430 1550 2459 in
1579 2431 1767 2470 descriptione
1794 2432 1996 2471 Olympiadum
2023 2435 2136 2464 laudare

1237 2470 1339 2499 solent.
1361 2471 1416 2499 Sed
1430 2471 1490 2499 haec
1500 2471 1599 2499 obiter.
1616 2472 1732 2500 KUST.
1754 2472 1825 2510 Leg.
1838 2474 1947 2507 νη’.’ολ.
1958 2475 2007 2513 58.
2019 2475 2134 2514 Olymp.

1237 2512 1379 2548 Anonym.
1395 2511 1425 2538 in
1444 2511 1576 2549 descript.
1591 2511 1639 2541 Ol.
1654 2522 1699 2550 ap.
1713 2512 1821 2540 Meurs.
1839 2519 1899 2541 not.
1915 2514 1952 2541 ad
1966 2514 2087 2544 Aristox.
2108 2527 2137 2555 p.

1241 2561 1250 2579 ι
1258 2561 1292 2587 41
1300 2573 1306 2580 .
1318 2560 1352 2579 ex
1364 2551 1503 2579 Herodot.
1514 2552 1580 2579 vn.
1590 2552 1618 2580 6.
1633 2552 1669 2580 ef.
1680 2553 1763 2580 Voss.
1775 2552 1811 2581 de
1825 2552 1929 2582 Scient.
1944 2554 2038 2583 Math.
2050 2565 2076 2584 c.
2089 2566 2134 2584 20.

1229 2597 1268 2620 *et
1281 2600 1330 2629 59.
1349 2591 1397 2629 qui
1417 2598 1513 2620 tamen
1532 2592 1551 2620 l.
1566 2592 1601 2621 de
1616 2593 1712 2621 Poetis
1727 2593 1778 2621 Gr.
1800 2603 1824 2621 c.
1839 2603 1868 2630 4.
1891 2594 1975 2623 refert
1995 2595 2031 2624 ad
2046 2596 2093 2625 Ol.
2106 2599 2134 2625 o'.

1237 2632 1266 2660 h.
1282 2642 1308 2661 e.
1324 2632 1422 2660 LXX.
1438 2633 1492 2660 hoc
1513 2632 1589 2661 enim
1610 2642 1643 2661 ex
1659 2633 1766 2662 Herod.
1781 2633 1801 2662 l.
1816 2633 1835 2662 l.
1845 2635 1978 2673 cognosci
2001 2646 2092 2674 posse,
2107 2644 2136 2665 et

1237 2671 1276 2701 sic
1287 2672 1444 2701 Bullialdus
1459 2673 1495 2701 ad
1509 2673 1634 2702 Theonis
1645 2673 1783 2712 Smyrnaei
1793 2674 2133 2706 Matb.c.12.RE1NES.
2154 2671 2163 2679 ⁴

1236 2713 1303 2741 Vid.
1319 2713 1445 2742 Clinton.
1461 2714 1494 2742 F.
1509 2714 1549 2742 H.
1565 2724 1590 2742 a.
1606 2721 1675 2751 503.

1220 2757 1225 2766 “
1276 2752 1312 2775 hh
1325 2755 1586 2792 Τίνες-Περιάνδρου]
1610 2755 1705 2783 Laen.
1727 2754 1745 2782 l.
1768 2764 1792 2783 c.
1814 2757 1899 2783 Λάσον
1918 2759 2099 2794 Χαρμαντίδου,
2119 2759 2133 2792 ἦ

326 2799 341 2815 c
355 2792 478 2829 Αἴλιανός]
496 2792 543 2821 Sic
556 2792 681 2831 optimus
696 2803 748 2821 ms.
765 2793 852 2822 Paris.
865 2794 899 2822 A.
914 2793 995 2831 cujus
1010 2794 1072 2822 loco
1086 2794 1184 2832 reliqui
1197 2782 1224 2810 G
1235 2795 1401 2832 Σισυμβρίνου,
1421 2794 1444 2828 ἢ,
1461 2797 1491 2827 ὡς
1508 2794 1677 2832 Ἀριστόξενος,
1692 2796 1821 2833 Χαβρίνου,
1838 2797 1980 2833 Ἑρμιονέας
2005 2804 2072 2826 sunt
2086 2799 2133 2836 qui

287 2843 352 2862 mss.
365 2832 491 2871 itemque
501 2832 607 2871 priores
620 2833 700 2862 editt.
712 2843 813 2862 omnes
823 2833 945 2872 pessime
955 2834 1090 2863 exhibent
1099 2834 1181 2871 αἶμαε

285 2873 362 2912 quod
375 2873 508 2902 mendum
523 2873 710 2912 proculdubio
724 2884 759 2903 ex
774 2874 919 2912 scripturae
933 2875 1112 2914 compendio,
1127 2885 1184 2914 quo

286 2923 392 2942 nomen
412 2914 525 2946 Αἴλιανὸς
544 2913 573 2941 ἰῐι
595 2913 762 2952 quibusdam
783 2914 929 2944 codicibus
949 2922 1093 2944 exaratum
1114 2922 1183 2950 erat,

285 2960 379 2983 ortum
395 2959 447 2982 est.
489 2953 568 2982 Hinc
584 2960 681 2983 autem
694 2954 839 2989 discimus,
853 2956 1043 2995 fragmentum
1059 2957 1114 2985 hoc
1128 2957 1182 2984 ΛΕ-

284 2994 360 3023 liano
374 2993 578 3023 restituendum
592 3004 670 3024 esse:
687 2998 766 3035 cujus
777 3005 862 3024 nemo
877 3003 943 3025 ante
955 2997 997 3025 vel
1012 2994 1181 3025 levissimam

284 3045 331 3064 sus
351 3035 472 3064 icionem
487 3035 590 3063 habere
604 3036 752 3074 potuisset.
774 3037 891 3065 KUST.

353 3075 444 3113 κόμας]
459 3078 544 3112 κόμας
553 3076 590 3103 V.
624 3077 696 3105 Mox
710 3079 806 3111 λάσθην
820 3077 939 3106 Β.Ε.Μ.

323 3122 339 3138 e
351 3117 474 3153 ἐκτείνων]
491 3117 536 3144 An
551 3118 684 3152 κτενίζωνὶ
706 3117 858 3146 HEMST.

324 3155 336 3178 f
346 3156 496 3194 διέσπειραν]
512 3157 641 3194 διέπειρεν
651 3158 726 3186 B-V.

326 3197 442 3230 ΔΑΣΟΣ,
452 3198 581 3233 Χαρβίνου,
591 3198 677 3235 “Ερμ.]
691 3198 734 3226 Ex
744 3198 840 3227 Schol.
848 3198 1084 3236 Aristoph.Vesp.
1095 3207 1149 3233 140
1156 3207 1179 3225 1.

284 3236 330 3264 De
347 3236 423 3264 Laso
443 3243 537 3266 autem
560 3238 613 3266 hoc
626 3237 691 3266 vide
711 3237 797 3266 etiam
819 3238 978 3267 Meursium
1000 3238 1030 3266 in
1051 3238 1126 3266 notis
1146 3238 1180 3265 ad

284 3276 491 3311 Aristoxenum,
505 3283 534 3306 et
547 3277 713 3317 Menagium
729 3278 764 3306 ad
778 3279 875 3307 Laert.
890 3279 914 3307 1.
929 3288 1016 3318 segm.
1032 3287 1081 3313 42.
1105 3279 1180 3305 Con-

284 3316 328 3344 fer
340 3315 425 3344 etiam
437 3317 577 3346 Nostrum
591 3327 676 3357 supra
688 3329 715 3346 v.
727 3321 970 3351 Κυκλιοδιδάσκαλος.
993 3318 1109 3347 KUST.

326 3362 343 3385 g
355 3357 500 3393 Ἑρμιονεὺς]
514 3359 624 3394 ἑρμηνεὺς
637 3359 709 3387 Β.Ε.

325 3395 340 3418 h
356 3398 389 3430 νη’
401 3397 523 3432 'omn-J
535 3396 582 3426 Sic
596 3398 702 3426 habent
716 3407 781 3426 mss.
789 3397 876 3426 Paris.
891 3398 1016 3435 itemque
1026 3398 1181 3425 Euan-ator

1193 3170 1222 3198 H

1234 2840 1336 2872 putent
1351 2834 1496 2863 Laertium
1518 2834 1626 2873 lapsum
1646 2845 1716 2869 esse,
1731 2842 1760 2864 et
1778 2835 1930 2865 credidisse
1949 2847 1966 2865 a
1984 2838 2059 2866 Laso
2078 2838 2132 2866 dis-

1233 2874 1355 2903 tinctum
1377 2885 1439 2904 esse
1460 2875 1659 2909 Hermionem,
1680 2876 1756 2914 quod
1781 2886 1838 2904 non
1860 2883 1904 2905 est
1924 2877 2079 2911 verisimile,
2102 2885 2133 2906 ut

1234 2921 1314 2944 tanta
1328 2915 1481 2954 supinitate
1495 2915 1588 2944 fuerit.
1631 2916 1665 2944 In
1688 2916 1789 2944 eodem
1809 2926 1902 2945 errore
1918 2917 1972 2946 fuit
1984 2919 2083 2946 Tzetz.
2096 2919 2131 2946 ad

1234 2955 1375 2994 Lycophr.
1387 2955 1415 2984 in
1428 2956 1557 2995 Prolegg.
1570 2956 1616 2994 qui
1632 2966 1648 2984 e
1661 2956 1737 2984 Laso
1748 2957 1873 2985 Labrino
1887 2963 1916 2985 et
1930 2958 2130 2986 Hermionensi

1234 3002 1290 3024 tres
1310 2996 1460 3025 distinctos
1481 2996 1558 3025 facit.
1580 2997 1739 3026 RElNES.
1781 2996 1891 3025 Fecisse
1910 2997 1933 3025 is
1948 2997 2064 3030 videtur,
2080 2999 2130 3026 sed

1234 3046 1296 3065 vere
1310 3046 1369 3064 non
1382 3036 1459 3065 fecit.
1493 3037 1559 3064 Vid.
1577 3047 1639 3075 quae
1659 3046 1675 3064 a
1693 3036 1775 3065 nobis
1793 3036 1830 3065 ibi
1851 3043 1918 3065 sunt
1937 3037 2082 3066 observata
2100 3038 2129 3067 in

1233 3076 1276 3105 ed.
1293 3076 1387 3105 Schol.
1402 3077 1582 3110 Tzetzarum‚
1598 3083 1628 3104 et
1642 3077 1744 3105 Athen.
1755 3077 1836 3104 V111.
1860 3087 1884 3105 c.
1901 3086 1946 3104 20.
1961 3083 1991 3105 et
2004 3078 2043 3106 X.
2059 3086 2128 3117 455.

1232 3116 1415 3144 MULLER.

1272 3155 1282 3178 ἱ
1296 3157 1404 3193 Πρῶτος]
1421 3161 1510 3194 πρῶτον
1519 3157 1555 3185 Ε.

1274 3194 1290 3217 k
1305 3197 1463 3233 διθύραμβον]
1489 3196 1624 3225 Meminit
1638 3196 1746 3224 AElian.
1769 3196 1837 3224 Nat.
1859 3197 1912 3224 An.
1924 3196 1990 3225 VII.
2004 3206 2054 3234 47.
2079 3199 2127 3227 ubi

1232 3236 1305 3264 male
1310 3236 1386 3263 Laso
1395 3236 1522 3264 tribuunt
1531 3246 1592 3273 quae
1602 3241 1668 3264 sunt
1677 3235 1793 3264 AEliani.
1808 3235 1872 3264 Vid.
1879 3246 1903 3265 ν.
1908 3239 1999 3275 Ἀρίων.
2008 3238 2127 3268 TOUP.

1272 3277 1643 3312 AAz'rATPOKAKKABoN]
1655 3276 1699 3303 An
1705 3278 1967 3314 Λασταυροκάρυκκονὶ
1980 3277 2128 3308 HEMST.

1231 3315 1361 3344 Athenaei
1375 3315 1452 3353 Epit.
1468 3316 1492 3344 l.
1507 3325 1526 3352 9
1535 3316 1568 3344 C.
1584 3316 1611 3343 τὸ
1625 3317 1692 3352 παρὰ
1705 3319 1802 3348 πολλοῖς
1814 3319 2066 3354 λασταυροκάκκαβον
2079 3333 2126 3347 κα-

1231 3359 1341 3391 λούμενον
1354 3357 1451 3393 βρῶμα,
1475 3355 1503 3388 ὥς
1521 3361 1584 3393 φησι
1603 3357 1748 3393 Χρύσιππος,
1769 3356 1794 3384 οὗ
1815 3357 1830 3391 ἧ
1847 3359 1991 3392 κατασκευὴ
2008 3371 2126 3396 περιεργο-

1230 3397 1299 3434 τέρα.
1340 3396 1448 3424 Eadem
1463 3395 1522 3424 fere
1536 3396 1666 3424 Eustath.
1683 3396 1738 3424 Od.
1754 3398 1791 3433 μ’.
1806 3407 1834 3435 p.
1849 3406 2034 3435 1724=492‚
2051 3409 2092 3434 ¹4·

1275 3446 1283 3464 1
1291 3445 1307 3471 3
1323 3436 1352 3463 Κ
