2508 4048
423 371 524 408 1943
806 358 846 398 K
884 358 925 398 A

456 452 487 476 Οἱ
501 450 525 477 δὲ
540 453 577 477 ἐπ’
592 448 705 488 ἐξαπάτῃ
719 453 841 487 Ῥωμαίων
855 455 964 486 καθῆκαν
978 454 1018 481 τὸν
1032 456 1110 490 λόγον.

465 497 653 533 ΚΑΘιὲκΑΝε
681 500 901 546 ΥἘχάλασαν.

463 546 631 582 ΚΑθήιςόΝ
649 553 729 614 φασι
747 553 856 596 πρῶτον
873 550 1047 596 ὠνομακέναι
1065 550 1114 589 τὸν
1129 553 1243 596 Ζήνωνα
1262 551 1310 587 τον

413 600 533 643 Κιτιέα,
550 600 601 636 καὶ
618 601 706 649 λογον
722 619 787 651 περι
805 602 895 638 αὗτοῢ
910 604 1109 648 πεποιηκέναι.

462 652 650 687 KAoiixon:
677 654 751 687 ’Ότι
771 651 893 696 καθῆκον
905 659 1002 698 φασιν
1014 669 1098 698 ειναι,
1116 670 1129 689 ο
1148 657 1308 703 Ζπροαχθὲν

410 698 529 747 ευλογον
549 717 581 736 τε
609 700 691 748 ἴσχει
715 701 930 749 ἀπολογισμον·
958 701 1024 744 οἷον,
1042 719 1075 739 το
1099 703 1253 741 ακολουθον
1280 706 1307 741 ἔν

410 753 476 811 ζωῇ·
495 749 563 798 ὅπερ
580 749 631 786 καὶ
650 749 698 786 ε’πι
714 767 755 786 τα
771 752 856 797 φυτα
869 750 920 787 καὶ
937 757 995 796 ζῶα
1012 753 1157 789 διατεικνει
1185 756 1305 802 ὁρᾶσθαι

407 813 466 868 γαρ
484 799 558 835 κάπὶ
577 799 680 835 τούτων
697 802 869 845 καθήκοντα.
920 804 1034 839 ΒΚατοί
1050 819 1131 843 τινας
1149 803 1235 839 εἴκειν
1251 809 1306 848 τῆς

1752 369 1793 409 Κ
1829 370 1871 410 Α
2157 392 2260 429 1944

1415 458 1626 494 ΚΑΘιὶκοΝτΑ
1642 474 1649 494 :
1677 462 1869 507 Δημοσθένης
1887 463 1914 498 ἐν
1932 466 2094 516 (Ιὲνδεκοίτῳ
2111 472 2259 506 Φιλιππι-

1361 509 1414 540 κῶν
1431 512 1535 551 φησιν·

1395 559 1486 593 ’Όστις
1499 566 1538 590 οὐκ
1552 562 1615 597 ἦξιου
1628 566 1663 592 τὰ
1676 565 1815 599 καθήκοντα
1829 570 1870 605 ἐφ’
1885 570 1970 597 ἑαυτὸν
1983 574 2064 600 ποιεῖν.

1326 462 1349 489 Α

1362 603 1439 639 Ἀντι
1456 610 1507 641 τοῦ
1526 613 1580 642 τα
1597 607 1716 651 ήκοντα.

1409 658 1660 693 ΚΑΘΗκόΝΤΩΣε
1688 658 1833 704 Δεὸντως,
1850 677 2025 710 πρεποντως.

1408 707 1667 743 ΚΑΘΗιςοτΣΑιΣε
1696 711 1981 758 ἓΔιεκτρεχοῦσαις·.

1396 762 1438 786 Ἐν
1450 760 1550 797 πέτραις
1563 765 1752 797 καθηκουσαις’
1739 768 1777 792 εντ’
1792 767 1866 794 αὐτον
1879 779 1920 795 τον
1933 769 2012 797 τόπον.

1406 804 1572 841 KAomm:
1601 810 1716 857 Γενικῇ.

2034 717 2178 762 Ξενοφῶν·

407 845 667 896 1’προσονομοισιας
684 850 877 898 εἰλημμένης.
924 852 1097 900 Ἐνέργημα
1113 853 1167 888 δὀ
1174 853 1245 889 αυτό
1261 859 1302 890 εἶ-
1318 850 1342 877 Β
1404 845 1749 893 ΚΑΘΗΜΑΞΕΤΜέΝοΣε
1769 862 2012 908 Τετριμμένος,’
1999 867 2254 913 εγγεγυμνασμέ-

406 913 450 932 ναι
468 915 538 938 ταις
562 915 641 935 κατα
662 900 754 945 φύσιν
771 907 975 941 κατασκευαῖς
1001 902 1113 938 οἶκειον.
1163 907 1227 938 Τῶν
1243 920 1302 952 γαρ

404 946 499 982 καθ’
485 963 574 996 ορμην
600 949 803 997 ἐνεργουμένων
827 951 868 986 τὰ
891 951 947 997 μὲν
973 953 1136 1023 καθήκοντα
1162 951 1244 995 εἶναι,
1262 971 1302 989 τα

404 996 435 1031 δὲ
452 998 533 1058 παρὰ
549 1014 583 1033 το
601 1003 733 1043 καθῆκον.
786 1000 1000 1044 Καθήκονταᾱ
1007 1018 1062 1048 μεν
1079 1018 1125 1037 ουν
1142 1018 1225 1046 ειναι,
1244 1002 1301 1039 ὅσα

403 1045 500 1095 ‘'‘M‘yeu
515 1064 618 1096 πρεπει
636 1054 736 1084 ποιειν·
762 1050 800 1089 ὧς
817 1049 880 1097 ἔχει
897 1055 992 1112 γονεῖς
1017 1057 1120 1098 τιμᾶν,
1138 1052 1300 1097 ἀδελφοὺς,

401 1097 545 1158 πατριδα,
564 1099 837 1147 συμπεριφερεσθαι
864 1100 976 1145 φίλοις·
1003 1101 1084 1149 παρὰ
1107 1117 1140 1136 το
1166 1106 1299 1146 καθῆκον,

402 1144 459 1180 ὅσα
474 1163 520 1193 μη
537 1148 617 1196 αἱρεῖ
630 1148 730 1195 λόγος,
748 1149 786 1189 ὥς
803 1149 867 1197 ’ἔχει
885 1166 925 1185 τα
942 1154 1076 1185 τοιαῦτα·
1102 1152 1205 1198 γονέων
1221 1153 1299 1199 ἀμε-

400 1201 475 1238 λεῖν,
501 1195 650 1242 Ῠοῖδελφῶν
672 1199 890 1246 ἀφροντιστειν,
915 1199 1019 1262 φιλοις
1046 1217 1091 1247 μη
1118 1201 1299 1237 συνδιατιθε-

401 1249 481 1288 σθαι,
498 1247 674 1295 πατρίδος
661 1255 808 1297 υπερορᾶν,
827 1265 877 1284 και
899 1265 939 1284 τα
954 1251 1165 1312 παραπλήσια.
1217 1250 1297 1288 Ουτε

398 1297 572 1340 καθήκοντα,
599 1314 665 1333 ουτε
693 1314 775 1346 παρα
801 1297 835 1333 τὸ
863 1302 995 1343 καθηκον,
1021 1298 1079 1334 ὅσα
1106 1300 1191 1336 gon-re
1221 1302 1302 1349 αἱρει

398 1342 511 1407 1’λόγος
536 1347 685 1394 πράττειν,
704 1364 769 1383 ουτε
791 1348 978 1396 ἀπαγορεύει·
1006 1347 1072 1392 οἷον,
1089 1350 1227 1413 κάρφος
1229 1352 1296 1386 oinc-

396 1393 515 1438 λέσθαι,
533 1402 692 1444 ’γραφεῖον
708 1413 836 1446 κρατειν,
855 1396 1065 1445 ι(στλεγγίδα,
1081 1414 1131 1434 και
1149 1416 1188 1435 τα
1206 1399 1294 1447 ὃμοια

395 1459 521 1484 τουτοις.
574 1445 637 1481 Και
653 1463 694 1517 τ1α
709 1447 764 1493 μὲν
780 1444 852 1482 εἶναι
878 1448 1043 1491 καθήκοντα
1065 1464 1132 1483 ανευ
1147 1452 1293 1497 περιστά-

396 1509 481 1536 σεως,
499 1495 536 1534 ὥς
562 1495 643 1530 τάδε·
671 1495 806 1542 Ῑὰγνειας
826 1496 1045 1542 ἐπιμελεῖσθαι,
1069 1513 1120 1532 και
1148 1498 1293 1542 αἰσθητη-

393 1542 468 1589 ρίων,
490 1560 541 1579 και
567 1561 606 1579 τα
632 1544 728 1590 ὃμοια·
760 1560 840 1579 κατα
864 1561 1042 1592 περιστασιν
1070 1546 1111 1586 δε,
1133 1562 1167 1581 το
1187 1564 1293 1596 πηρουν

394 1591 505 1634 ἑαυτου,
536 1609 586 1627 και
616 1609 669 1636 την
698 1609 805 1637 κτησιν
834 1594 1022 1642 διαρριπτειν.

395 1640 475 1677 η’και
492 1647 546 1678 τῶν
562 1658 644 1691 παρα
659 1658 692 1678 το
709 1646 843 1686 καθῆκον.
897 1644 932 1691 [n
940 1643 1110 1686 Πολύβιος·

432 1700 547 1733 Τολμῶσι
561 1697 622 1734 πέρα
635 1701 676 1725 τοῦ
690 1697 787 1731 δέοντος,
800 1710 843 1725 και
856 1701 946 1726 ποιοῦσι
960 1700 1028 1736 παρὰ
1042 1699 1070 1726 τὸ
1085 1701 1212 1739 καθῆκον]

389 1742 464 1775 ’Έτι
490 1745 544 1775 τῶν
561 1739 740 1784 καθηκοντων
756 1758 797 1776 τα
818 1758 873 1788 μεν
889 1741 936 1777 ἀει
954 1743 1085 1786 καθήκει·
1113 1760 1154 1779 τα
1179 1745 1220 1786 δὲ,
1238 1745 1289 1781 οὐκ

501 1789 564 1825 Και
585 1788 633 1825 ἀει
658 1790 713 1837 μὲν
736 1792 854 1835 καθήκει
878 1807 912 1826 το
940 1792 1057 1839 ε’ρωτᾶν,
1075 1809 1126 1828 και
1151 1796 1288 1830 πυνθανε-

941 1840 950 1854 ²
1081 1845 1120 1877 O
1144 1843 1175 1879 δὲ
1198 1843 1287 1885 αὖτος

389 1888 478 1951 λογος
495 1888 547 1924 καὶ
564 1889 611 1925 ἐπὶ
625 1894 679 1925 τῶν
695 1906 776 1938 παρα
793 1906 827 1925 το
844 1894 976 1934 καθηκον.
1027 1893 1123 1927 “Έστι
1142 1892 1173 1928 δε
1191 1909 1240 1929 και
1259 1894 1287 1929 ἐν

387 1943 451 1978 τοῖς
466 1937 574 1986 μέσοις
594 1955 624 1974 τι
650 1943 782 1983 καθῆκον,
800 1939 837 1979 ὥς
854 1955 888 1974 το
904 1940 1055 1976 πειθεσθαι
1082 1941 1150 1981 τοὺς
1175 1943 1287 1984 παῖδας

387 1993 449 2028 τοῖς
466 1988 676 2035 παιδαγωγοῖς.

390 1789 448 1825 ἀεί.

391 1843 470 1881 σθαι,
493 1838 565 1875 Ρκαι
588 1845 771 1888 περιπατεῖν,
788 1857 840 1876 και
863 1857 903 1875 τα
930 1842 1027 1888 ὃμοια.

426 2116 442 2138 y
456 2110 605 2146 ἐχάλασαν]
622 2109 763 2144 κατέβαλον
778 2109 904 2138 Photius.
938 2110 1100 2148 Utrumque
1108 2112 1205 2150 jungit
1219 2113 1282 2141 He-

385 2149 504 2188 sychius.
535 2149 599 2178 Vid.
614 2149 700 2178 Lucae
714 2149 765 2178 Ev.
777 2150 812 2177 V
827 2159 871 2188 19.
887 2151 952 2179 Act.
968 2151 1066 2189 Apost.
1082 2152 1137 2180 IX.
1155 2162 1170 2180 2
1173 2162 1200 2190 5

425 2194 593 2218 ΚΑΘΗΚΟΝ
612 2190 680 2228 φασι
696 2193 785 2227 πρῶτον
799 2191 884 2227 ὠνομ.]
900 2191 981 2225 Haec,
997 2197 1026 2219 et
1041 2202 1102 2229 quae
1117 2199 1281 2230 sequuntur,

384 2236 450 2259 sunt
465 2230 548 2259 verba
561 2229 668 2258 Laertii
683 2229 732 2258 lib.
740 2230 808 2258 VII.
826 2238 872 2267 25.
888 2237 918 2259 et
930 2239 994 2268 107.
1009 2237 1039 2260 et
1052 2241 1130 2271 seqq.
1146 2233 1262 2262 KUST.

424 2277 438 2292 z
450 2271 583 2308 προαχθέν]
599 2270 737 2299 Vocabuli
751 2270 834 2309 hujus
848 2271 980 2309 frequens
992 2271 1108 2309 quidem
1123 2274 1197 2311 apud
1213 2274 1279 2302 Sto-

383 2311 442 2339 icos
457 2321 523 2339 usus
537 2316 598 2345 θεῖς
617 2310 667 2339 sed
681 2320 746 2339 cum
762 2310 930 2349 significatio
945 2314 1005 2350 ejus
1019 2312 1113 2340 sensui
1127 2313 1182 2341 loci
1197 2313 1243 2350 huj
1248 2324 1279 2342 us

383 2360 440 2379 non
468 2350 626 2384 conveniat,
651 2350 791 2379 levissima
818 2351 976 2380 mutatione
1004 2353 1182 2382 scribendum
1210 2360 1279 2392 puto

380 2391 495 2428 πραχθέν.
510 2391 626 2418 KUST.
663 2389 709 2418 Sic
730 2391 880 2429 Menagius
901 2392 937 2419 ad
958 2392 1054 2420 Laert.
1083 2394 1221 2430 προσαχθὲν
1234 2395 1278 2423 Μ

381 2430 430 2459 ubi
444 2440 510 2458 mox
524 2440 581 2458 om.
595 2432 893 2480 δρᾶσθαι-ἀπαγορεύει.

421 2476 437 2492 ¹²
451 2472 529 2498 Κατά
542 2482 610 2502 τινας
627 2468 696 2497 εἴκειν
710 2482 753 2503 της
766 2470 872 2505 mecvm]
891 2470 985 2498 Locus
999 2470 1045 2498 hic
1059 2480 1093 2499 ex
1108 2472 1225 2500 Laertio
1240 2473 1279 2502 sie

381 2509 574 2538 emendandus
598 2515 627 2538 et
649 2509 823 2547 supplendus
847 2515 891 2537 est
905 2520 911 2537 :
937 2513 1136 2546 Κατωνομάσθαι
1160 2511 1184 2539 δὲ
1208 2514 1279 2545 οὕτως

380 2551 423 2578 ὑπὸ
437 2550 536 2584 Ζήνωνος
549 2550 577 2577 τὸ
591 2550 693 2583 καθῆκον
707 2550 754 2577 ἀπὸ
768 2553 810 2576 τοῦ
823 2551 894 2576 κατά
907 2561 975 2582 τινας
988 2550 1052 2584 ἥκειν
1064 2551 1115 2579 &c.
1131 2551 1246 2580 KUST.

420 2588 437 2611 b
451 2590 654 2627 προσονομασίας]
672 2590 826 2626 προσονομίας
839 2589 911 2617 Β.Ε.

420 2636 434 2652 (³
448 2630 522 2666 αὐτὸ]
538 2630 598 2657 αὐτὸ
611 2627 672 2658 εἶναι
683 2629 830 2658 A.B.V.E.

419 2668 436 2691 d
449 2670 494 2706 μὲν
508 2667 582 2706 εἶναι]
597 2670 643 2706 μὲν
656 2668 693 2697 οἶν
707 2667 767 2698 εἶναι
782 2669 926 2698 A-B.V.E.

419 2716 434 2731 Ε
447 2710 512 2747 λόγῳ
530 2710 625 2747 πρέπει]
643 2709 711 2746 λόγος
730 2712 796 2746 αἱρεῖ
813 2709 908 2737 Laert.
928 2709 976 2747 qui
993 2720 1056 2738 mox
1071 2713 1139 2748 παρὰ
1153 2712 1180 2739 τὸ
1195 2714 1272 2746 καθῆ-

377 2762 416 2778 κον
430 2750 465 2779 δέ.

419 2789 432 2812 f
442 2791 569 2828 ἀδελφῶν]
585 2793 707 2827 συγγενῶν
722 2789 818 2818 Ῑιειὲη.

419 2837 437 2860 ἔ
450 2831 517 2867 οὔτε]
535 2831 588 2858 οὔτε
602 2830 628 2858 δὲ
641 2829 737 2858 Laert.

418 2870 434 2892 h
449 2871 715 2908 λόγος-ἀπαγορεύει]
734 2870 996 2907 λόγῳ-ἀποιγορεύειν
1004 2871 1039 2899 V.

418 2910 427 2933 ἰ
439 2912 569 2949 γραφεῖον]
587 2911 654 2946 ζήτει
668 2914 764 2949 γραφεῖ
774 2911 809 2938 Β.
837 2913 933 2948 γραφεῖ
939 2910 1013 2938 V.E.
1043 2915 1128 2950 γραφῇ
1143 2912 1186 2940 Μ.

418 2950 436 2973 k
450 2951 605 2988 στλεγγίδα]
623 2951 777 2987 στελεγγίδα
787 2951 820 2978 V.

417 2991 426 3013 l
438 2992 540 3028 ἁγνείας
562 2991 673 3027 ermen]
697 2991 780 3029 Apud
802 2990 949 3019 Laenium
974 2997 1049 3019 recte
1071 2991 1205 3030 scriptum
1227 2999 1270 3022 est

377 3033 476 3068 ὑγιείας.
491 3031 608 3060 KUST.

418 3078 442 3093 ¹¹¹
457 3073 499 3099 καὶ
514 3072 554 3108 τὸ]
570 3073 612 3100 καὶ
625 3074 672 3099 τῦν
683 3071 716 3099 Α.
718 3071 753 3099 Β.
755 3071 790 3099 V.
793 3071 827 3099 Ε.
844 3071 940 3100 Laert.

418 3117 434 3132 ¹¹
448 3113 574 3145 Πολυβιος.
609 3114 723 3148 Τολμόσι
749 3111 811 3149 τέρα
834 3115 875 3139 τοῦ
899 3112 997 3145 δέοντος,
1022 3113 1064 3139 και
1087 3115 1178 3140 ποιοῦσι
1203 3116 1269 3150 παρὰ

375 3151 490 3187 καθῆκον]
511 3151 581 3179 Haec
603 3152 686 3180 verba
707 3151 786 3180 uncis
807 3151 917 3185 inclusi,
939 3151 1070 3190 quoniam
1092 3152 1185 3181 alieno
1206 3153 1308 3187 locOH

376 3190 470 3229 posita
483 3196 550 3218 sunt
563 3196 592 3218 et
606 3201 719 3220 sensum
733 3191 890 3230 seriemque
901 3191 1035 3221 orationis
1050 3191 1267 3231 interrumpunt.

377 3231 496 3298 Κῐὲἳίῖὶ
509 3271 549 3298 ἀεὶ
563 3270 608 3306 μὲν
621 3271 721 3304 καθήκει
735 3272 763 3298 τὸ
777 3274 880 3309 ἐρωτᾷν]
899 3272 994 3300 Locus
1015 3271 1059 3300 hic
1080 3271 1196 3301 mutilus
1214 3279 1267 3307 est,

376 3310 423 3349 qui
437 3320 470 3339 ex
484 3310 599 3339 Laertio
618 3311 658 3338 sic
677 3310 799 3348 suppleri
815 3312 914 3340 debet:
940 3314 989 3340 Καὶ
1003 3313 1042 3340 ἀεὶ
1060 3312 1106 3348 μὲν
1125 3313 1225 3347 καθήκει
1239 3314 1267 3341 τὸ

374 3354 432 3379 κατ’
447 3351 535 3388 ἀρετὴν
547 3352 598 3388 ζῇν·
621 3353 661 3378 οὒκ
675 3351 714 3378 ἀεὶ
728 3350 762 3383 δὲ,
778 3351 805 3378 τὸ
819 3354 908 3388 ἐρωτᾷν
919 3354 970 3380 &c.
986 3352 1101 3381 KUST.

415 3398 431 3420 Ρ
445 3392 487 3419 καὶ
500 3393 640 3428 περιπατεῖν
651 3400 684 3418 ex
696 3390 840 3419 A.B.V.E.
856 3391 958 3420 addita.
987 3394 1156 3430 ἀποκρίνεσθαι
1172 3392 1265 3420 baert.

1077 1596 1232 1643 Ἁνάλογον
1262 1598 1293 1633 δε
1303 1621 1332 1648 D

1354 918 1407 942 νος.
1452 904 1604 945 Αιλιανος·

1393 984 1514 1010 Γόναιον’
1502 995 1529 1010 εκ
1544 985 1629 1020 Συρίας
1644 984 1893 1021 ῒκαθημαξευμένον“
1882 999 1924 1015 υπο
1938 1000 2028 1021 παντος
2047 993 2090 1017 τοῦ
2105 991 2248 1028 προσιόντος.

1351 1023 1456 1059 ‘Ea-aspa
1473 1025 1520 1059 γὰρ
1542 1036 1569 1057 ην
1588 1025 1708 1062 ἐμφανης,
1726 1038 1769 1053 και
1791 1038 1838 1054 των
1856 1030 1881 1054 ἐν
1901 1039 1950 1060 τοις
1968 1030 2049 1064 μίμοις
2066 1032 2095 1058 δι’
2112 1034 2252 1060 ἀκολασίαν

1351 1064 1553 1100 περιπαθεστέρα,
1569 1068 1618 1097 τοῖς
1637 1077 1665 1092 τε
1686 1066 1836 1103 φαινομένοις
1852 1070 1877 1099 ἐς
1895 1068 1939 1102 την
1959 1070 2035 1103 κοινην
2051 1069 2106 1105 ὄψιν
2119 1072 2250 1108 σχήμασιν

1351 1104 1514 1139 ἐκκαλουμένη
1531 1106 1585 1136 τους
1602 1107 1703 1142 ὅρωντας
1724 1109 1747 1138 ἐς
1767 1108 1802 1134 τὰ
1815 1109 1882 1142 πάθη
1896 1120 1937 1136 του
1951 1111 2073 1146 σωματος,
2089 1112 2132 1139 καὶ
2147 1118 2250 1140 Χκατα-

1350 1143 1462 1170 τείνουσα
1475 1156 1516 1171 τον
1529 1146 1608 1180 δημον,
1624 1158 1666 1173 και
1685 1158 1738 1174 οσον
1756 1149 1824 1183 μετὰ
1842 1159 1883 1175 του
1905 1149 1987 1185 δήμου,
2000 1151 2055 1188 προς
2074 1153 2175 1188 Υσυῶδη
2193 1155 2249 1180 τινὰ

1349 1194 1391 1209 και
1405 1195 1509 1219 μανικην
1521 1185 1667 1222 ἀσέλγειαν.

1399 1249 1582 1296 ΚᾹρΗινιΑι·
1575 1278 1582 1286 .

1399 1299 1616 1349 ΚΑΘέΜΕΝοικι
1634 1301 1780 1338 ΠΕΔίοΝε
1807 1302 1851 1338 Tb
1868 1304 1990 1350 ὁμαλόν.

1388 1359 1438 1383 ΖΟἱ
1451 1356 1477 1384 δὲ
1491 1354 1604 1392 Ῥωμαῖοι
1618 1359 1642 1389 ἐς
1655 1358 1787 1394 καθήμενον
1800 1360 1877 1387 πεδίον
1889 1361 2125 1397 ἐστρατοπεδεύοντο.

1397 1399 1481 1435 KAe’
1500 1399 1656 1436 ἑΜὲΡΑΝε

1395 1448 1585 1485 KAefl‘ffm:
1610 1454 1672 1486 Τοῢ
1689 1450 1857 1498 ἀξιώματος
1873 1452 2026 1488 κατέσπα.

1384 1516 1434 1541 a‘O
1449 1514 1474 1542 δὲ
1488 1515 1603 1551 Τραϊανὸς
1623 1514 1677 1542 οὔτε
1698 1516 1802 1552 ἐφθόνει,
1818 1515 1872 1542 οὔτε
1893 1516 1990 1553 καθῄρει
2011 1518 2076 1549 τινὰ,
2091 1519 2163 1545 ἀλλὰ
2179 1520 2243 1546 πάνυ

1342 1555 1438 1584 πάντας
1451 1556 1504 1586 τοὺς
1516 1556 1624 1591 ἀγαθοὺς
1637 1557 1721 1590 ἐτίμα.
1765 1557 1814 1582 Διὰ
1828 1558 1897 1582 τοῦτο
1911 1555 1965 1583 οὔτε
1980 1557 2095 1594 ἐφοβεῗτό
2107 1569 2172 1591 τινα,
2186 1558 2242 1586 οὔτε

1343 1595 1432 1629 ἐμίσει.

1392 1647 1616 1682 KAOH'JPHNTO
1635 1646 1694 1682 ΤᾸΣ
1713 1647 1867 1683 ΓΝόιΜΑΣῙ

1340 1695 1499 1732 ἐνέπιπτον.

1379 1751 1435 1780 ι)Οι”
1448 1753 1474 1781 δὲ
1486 1754 1582 1787 πλέονες
1602 1756 1734 1792 καθῄρηντο
1750 1756 1797 1787 τὰς
1809 1755 1907 1791 γνώμας
1920 1756 1959 1783 ἐπὶ
1974 1759 2095 1789 τοσοῦτον,
2110 1757 2174 1785 ὥστε
2195 1760 2238 1792 τῆς

1337 1794 1441 1826 πίστεως
1454 1796 1497 1828 τῆς
1510 1795 1563 1831 πρὸς
1577 1793 1721 1829 (Ῑβασιλέας
1735 1795 1778 1822 ὑπδ
1791 1798 1832 1822 τοῦ
1845 1797 1960 1832 περιδεοῦς
1972 1797 2124 1834 ἀφίσταντο.

1388 1843 1564 1878 ΚΑθέὶΣΘΑῙ
1577 1857 1585 1878 :
1613 1841 1676 1878 Καὶ
1693 1844 1874 1878 εΚΑΘίὶΣΤο
1887 1857 1894 1878 :
1929 1845 2117 1889 Ἑκαθέζετο.

1388 1892 1630 1928 ΚΑΘΙΡΜέΝοΣζ
1658 1892 1788 1935 ί’Θέλοιιη
1806 1894 1941 1939 φθάσας.

1376 1961 1406 1986 ‘O
1421 1959 1446 1987 δὲ
1459 1961 1588 1995 βασιλεὺς,
1603 1961 1746 1997 καθιγμένος
1764 1962 1806 1989 καὶ
1819 1963 1912 1995 ταύτης
1931 1963 1974 1995 τῆς
1994 1968 2011 1991 g
2018 1963 2140 1997 ἐπιβολῆς,
2156 1961 2234 2001 ὓέγέ-

1300 2006 1325 2034 Ε
1335 2010 1387 2027 νετο
1400 2001 1454 2036 πρὸς
1467 2001 1597 2038 ἀναζυγήν.

1897 1647 1975 1683 *Auri
1992 1654 2054 1693 τοῦ,
2068 1650 2112 1690 εἷς
2128 1651 2240 1687 δειλίαν

1333 2119 1385 2147 pro
1400 2122 1431 2137 m
1427 2111 1571 2138 νθανεσθαι.

1374 2153 1604 2178 KAGHKONTA:
1628 2150 1781 2186 Δημοσθένης
1801 2163 1826 2178 εν
1839 2151 1900 2187 ἐνδ.]
1925 2151 1969 2179 Ex
1992 2151 2228 2190 Harpocratmne.

1333 2190 1450 2218 KUST.

1373 2237 1388 2259 ‘l
1403 2232 1523 2266 ἑνδεκάτῳ
1536 2230 1607 2266 Φιλ.]
1623 2230 1655 2258 P.
1669 2239 1757 2266 141,1
1767 2239 1791 2259 1.

1371 2277 1384 2292 ¹·
1398 2272 1432 2298 τὰ
1445 2271 1548 2307 ἥκοντα]
1565 2272 1600 2298 τὰ
1614 2280 1672 2299 om.
1687 2271 1722 2298 A.
1725 2270 1760 2299 V.
1762 2271 1797 2298 E.
1813 2271 1862 2299 sed
1876 2271 2006 2308 agnoscit
2019 2272 2146 2302 Photius.

1371 2316 1383 2332 ⁵
1397 2311 1609 2348 Διεκτροχοῦσαις]
1639 2313 1833 2348 διεκτρεχουσαις
1858 2311 1893 2340 Β.
1901 2312 1936 2340 V.
1943 2312 1978 2339 E.
2024 2313 2227 2352 Xenophontis

1330 2350 1408 2379 locus
1423 2356 1466 2379 est
1480 2351 1572 2379 Anab.
1589 2351 1639 2378 IV.
1657 2359 1684 2387 3,
1700 2360 1744 2379 11.
1757 2350 1806 2379 ubi
1820 2352 1930 2386 ποταμὸν
1945 2361 2003 2379 non
2017 2353 2095 2380 τόπον.

1293 2390 1317 2418 F
1370 2392 1717 2425 ΚΑΘΗΜΑΞΕΤΜΕΝΟΣ]
1730 2391 1877 2428 Eunapius
1888 2390 1924 2418 de
1934 2390 2006 2429 Leg
2020 2401 2048 2429 p.
2063 2392 2129 2428 267.
2147 2395 2225 2428 καθη-

1328 2429 1439 2466 μοίξευσε
1453 2434 1509 2461 ταῖς
1522 2433 1666 2467 συμφοραῖς.
1679 2429 1795 2457 ’.ΓΟΠΡ

1369 2472 1381 2491 t
1393 2468 1617 2506 καθημαξευμένον]
1634 2481 1676 2497 και
1690 2471 1748 2497 καθ.
1758 2469 1792 2496 Α.

1369 2516 1384 2530 Χ
1398 2509 1593 2545 κατατείνουσα]
1624 2510 1822 2537 κατακτείνουσα
1845 2509 1879 2537 Β.
1887 2510 1920 2537 Ε.
1956 2515 2124 2540 κατακινουσα
2147 2512 2221 2550 conj.

1329 2549 1355 2575 V
1356 2548 1501 2577 alckenaen
1505 2558 1545 2576 us

1368 2595 1384 2618 y
1398 2590 1488 2626 συωδη]
1505 2591 1564 2623 ὖῶδη
1575 2589 1610 2616 V.

1367 2635 1380 2649 z
1394 2631 1427 2656 Οἱ
1448 2629 1474 2656 δὲ
1497 2629 1623 2665 Ῥωμαῖοι]
1645 2629 1688 2656 Ex
1709 2629 1866 2667 Theophyl.
1889 2629 2037 2659 Simocatt.
2052 2631 2088 2659 V.
2104 2640 2148 2660 10.
2154 2631 2220 2661 de-

1325 2674 1470 2707 sumptum
1486 2668 1597 2697 monuit
1610 2668 1744 2699 Abresch.
1760 2669 1855 2697 Diluc.
1869 2670 1997 2708 Thucyd.
2013 2671 2096 2700 Auct.
2111 2682 2138 2710 p.
2150 2674 2219 2710 338.

1366 2715 1381 2730 8
1395 2711 1426 2737 Ὁ
1445 2708 1470 2737 δὲ
1490 2711 1606 2746 Τραϊανὸς
1625 2709 1679 2737 ουτε
1700 2709 1803 2747 ἐφθόνει,
1823 2710 1878 2738 ουτε
1896 2711 1969 2747 καθ.]
1994 2711 2067 2739 Haec
2088 2711 2221 2750 leguntur

1324 2749 1399 2787 apud
1420 2748 1600 2786 xiphiliuum
1622 2749 1651 2777 in
1672 2749 1750 2787 Epit.
1765 2749 1852 2778 Dion.
1875 2760 1902 2788 p.
1918 2759 1986 2787 340.
2004 2757 2037 2779 ut
2053 2751 2219 2781 pearsonius

1324 2789 1488 2817 observavit.
1505 2789 1620 2818 KUST.
1655 2789 1713 2817 Dio
1727 2790 1806 2818 Cass.
1822 2790 1961 2818 LXVIII.
1978 2791 2005 2819 6.

1365 2828 1381 2851 b
1395 2832 1428 2858 O.
1441 2829 1465 2858 δὲ
1483 2830 1586 2862 πλειονες
1604 2830 1734 2867 καθῄρηντο
1747 2831 1795 2862 τὰς
1807 2830 1861 2866 γν.]
1878 2830 2078 2870 Fragmentum
2093 2832 2148 2861 hoc
2163 2834 2218 2862 Po—

1324 2869 1399 2907 lybio
1413 2868 1535 2908 assignat
1550 2870 1743 2898 Casaubonus.
1756 2870 1873 2898 KUST.
1900 2871 1994 2904 πλέονες
2007 2872 2040 2900 Α.
2043 2872 2078 2899 V.
2081 2872 2116 2900 E.

1363 2908 1379 2931 d
1392 2910 1530 2947 βασιλέας]
1555 2909 1668 2944 βασιλέα
1682 2910 1716 2938 E.
1738 2916 1767 2938 et
1789 2909 1828 2938 sic
1848 2913 1921 2949 conj.
1945 2911 2217 2950 Schweighoeiiserus

1323 2949 1357 2977 ad
1374 2949 1481 2988 Polybii
1496 2949 1528 2978 fr.
1543 2960 1585 2988 gr.
1599 2958 1645 2987 79.

1363 2995 1376 3011 e
1391 2989 1523 3026 Καθηστο]
1541 2989 1575 3018 Il.
1588 2992 1624 3018 α’.
1641 2990 1709 3028 569.

1362 3028 1374 3050 f
1385 3030 1483 3067 Θέλων]
1501 3031 1574 3059 Puto
1588 3029 1767 3059 scribendum
1782 3040 1852 3064 esse,
1866 3033 2000 3061 κατελθών.
2033 3032 2211 3071 Hesychius:

1322 3070 1482 3106 Καθιγμένον,
1506 3071 1669 3104 κατελθόντα,
1694 3071 1901 3105 καταντήσαντα,
1930 3073 2079 3110 φθάσαντα.
2096 3073 2213 3103 KUST.

1321 3108 1517 3144 Scribendum,
1528 3110 1612 3143 ἐλθων,
1624 3112 1735 3148 φθάσας.
1759 3111 1843 3141 Quod
1859 3111 1901 3139 vei
1915 3121 1949 3140 ex
1965 3111 2109 3150 Hesychio
2125 3119 2212 3151 patet.

1319 3149 1437 3178 TOUP.
1478 3151 1587 3178 καθελων
1608 3151 1644 3178 V.
1666 3150 1792 3180 Photius.
1818 3151 1887 3180 Lex.
1910 3151 1974 3190 Seg.
1999 3151 2074 3180 ἐλθων
2099 3152 2214 3182 dederat

1322 3190 1360 3218 H.
1377 3189 1475 3228 Stepb.
1490 3190 1519 3218 in
1535 3191 1593 3218 ind.
1607 3190 1753 3219 Thesauri.

1359 3236 1376 3259 g·
1389 3231 1513 3267 ἐπιβολης]
1538 3230 1584 3259 Sic
1604 3230 1712 3259 habent
1732 3240 1798 3259 mss.
1814 3231 1901 3259 Paris.
1937 3231 1971 3260 In
1993 3231 2132 3270 prioribus
2147 3242 2211 3262 vero

1317 3269 1383 3298 edit.
1398 3270 1440 3307 [et
1451 3270 1484 3298 Β.
1487 3271 1535 3307 1⁴2]
1549 3270 1642 3299 minus
1656 3277 1731 3299 recte
1744 3281 1877 3299 excusum
1892 3277 1934 3300 est
1945 3273 2079 3307 ἐπιβουλῆς.
2091 3272 2210 3303 KUST.

1318 3309 1417 3348 Polyb.
1432 3309 1464 3338 fr.
1479 3320 1522 3349 gr.
1540 3311 1586 3339 80.

1357 3349 1373 3372 ¹¹
1388 3350 1494 3387 ἐγένετο]
1511 3351 1602 3387 ἐγίνετο
1616 3351 1685 3379 A.V.

1286 2774 1313 2801 G
