2508 4048
376 376 483 414 2939
760 362 807 402 Π
844 362 882 401 Ε

426 454 763 489 Περιιςεκενωέκοῑε
792 452 1029 500 Ἥκριβωμένος.

423 503 691 539 Harrazdmzeii:
718 499 1011 549 οΠεριγενησὸμεθαι.

423 552 687 588 ΠΕΡΙέΣΠΑΣΑΝε
715 550 861 597 Pit-riam
878 555 1033 597 περιεῖλον.
1075 549 1226 589 Ammo}-

413 610 460 638 Τὸν
470 611 551 646 βωμὸν
565 610 750 645 (ἱάνέστρεψαν,
763 609 806 635 καὶ
824 608 864 635 τὸν
877 607 975 644 κόσμον,
991 608 1045 641 ὅσος
1062 607 1090 643 ἦν
1102 610 1267 646 περικείμενος,

372 653 455 678 τοῦτον
467 650 643 686 περιέσπασαν.

423 695 631 732 nmium:
658 698 773 744 Γενικῇ.

423 744 689 780 Harniz‘ruxanz
715 744 891 794 Αἶτιατικῇ.

374 795 551 841 ἐστραπται.

422 842 684 878 ΠΕΡιΕΣΤΗκόΣε

943 744 1162 793 Περιΐσταται,
1186 760 1267 793 περι-

414 906 462 933 Ka}
475 907 634 943 περιστάντες
647 904 736 932 ῐαῦτὸν
747 907 796 932 πᾶν
809 904 838 931 τὸ
852 905 895 938 τῆς
907 903 1073 941 ὰδελφότητος
1085 904 1211 941 πλήρωμα.

413 946 463 973 Καὶ
477 946 506 973 τὶ
519 945 672 982 περιεστηκὸς
685 947 757 972 ἐκεῖνο
770 945 858 977 πλῆθος
869 944 924 972 5τὸν
931 946 1084 982 πατριάρχην
1094 946 1184 972 Ἠλίαν
1198 946 1265 972 ἴδιοι-

372 984 451 1022 τεμὼν
466 987 497 1012 1ῑό
511 987 570 1017 θεῖος
582 985 697 1019 Σάββας.

421 1037 689 1073 numinum:
715 1036 978 1085 Περιεκῦκλωσαν.

421 1086 679 1123 narrandam:
706 1086 986 1134 Περιστοιθῆσεται.

422 1136 655 1172 ΠΕΡιέΧΕΣθΛι
667 1148 676 1170 :
727 1138 845 1184 Γενικῇ.
903 1134 1105 1182 Ἀντέχεσθαι,
1150 1134 1268 1183 φροντί-

373 1190 440 1228 ζειν.

414 1246 427 1261 Χ
434 1239 507 1273 Μῆτε
519 1241 593 1266 αὐτοῦ
605 1240 668 1266 πάνυ
680 1237 836 1274 περιέχεσθαι
847 1238 984 1273 Ῥωμαίους.

373 1284 535 1332 Αἶτιατικῇ
552 1282 594 1323 δὲ,
611 1281 649 1320 ὦς
665 1279 710 1323 τὸ,

373 1420 515 1456 Καθάρσια.
553 1418 659 1446 Noster
672 1416 752 1450 infra,
767 1426 792 1444 v.
807 1417 992 1453 Περιστίαρχος.
1023 1414 1120 1454 Ἴστρος
1136 1416 1163 1444 δὲ
1181 1419 1207 1444 ἐν
1219 1419 1269 1448 τοῖς

371 1461 491 1490 Ἀττικοῖς
511 1461 679 1490 ΠΕΡΙΣΤΙΔ,
700 1457 773 1494 φησὶ,
794 1458 996 1493 προσαγορεύεται
1020 1459 1063 1483 ΤΑ
1089 1459 1266 1484 ΚΑΘΑΡΣΙΑ.

373 1498 470 1527 Schol.
485 1497 521 1526 ad
534 1497 676 1535 Aristoph.
688 1496 798 1525 Eccles.
812 1505 822 1524 1
831 1495 878 1524 28.
893 1497 1083 1533 Περιστίαρχοςι
1098 1498 1130 1523 ‘0
1144 1499 1192 1523 τῶν
1204 1497 1267 1523 καθ-

372 1539 460 1575 αρσίων
471 1539 636 1575 προηγούμενος
649 1540 674 1564 ἐν
686 1540 744 1569 ταῖς
760 1537 909 1570 ἐκκλησίαις.
951 1539 1112 1563 ΠΕΡΙΣΤΙΑ
1132 1539 1203 1568 MP,
1224 1539 1268 1562 TA

374 1581 550 1606 ΚΑΘΑΡΣΙΑ.
592 1577 634 1605 Ad
656 1577 731 1604 hunc
750 1576 845 1605 locum
865 1575 1048 1613 proculdubio
1065 1575 1187 1613 respexit
1201 1574 1267 1603 Sui-

1700 364 1747 404 Π
1784 363 1822 404 Ε
2101 380 2206 418 2940

1278 459 1303 486 A
1356 456 1426 490 Ζάλη
1438 457 1626 493 ἁμαρτημάτων
1638 457 1742 495 περιέχει
1756 469 1798 493 με,
1814 460 1901 494 σῢτερ.

1366 504 1657 539 Περιεκόκεποκτ
1686 504 1940 550 Άντιποιοῦμενον.

1365 551 1570 588 ΠΕΡίΖαΜΑΞ
1595 552 1640 588 Tb
1657 550 1711 589 ὖπὸ
1728 554 1768 589 τὰ
1785 553 1901 589 ἀἰδοῖα
1918 553 2096 599 σκέπασμα.

1357 608 1452 640 svp-115»
1463 606 1606 642 μαχομένων
1618 610 1665 634 vau
1677 608 1801 643 Ῥωμαίων
1814 611 1838 635 έν
1851 611 1901 639 τοῖς
1914 609 2093 645 ὅπεριζύμασι.

1366 647 1539 684 Hzpizrm
1552 662 1560 684 t
1586 648 1751 695 ι”’,Ξ’.ἐιιοφὲι“νν·

1351 707 1437 743 Ἔχειν
1450 707 1475 735 δὲ
1489 707 1534 743 χρὴ
1548 708 1591 734 καὶ
1605 709 1718 743 ἱμάντας.
1748 710 1841 736 Τοότων
1853 710 1902 745 γὰρ
1915 710 2056 746 τριβομένων
2068 710 2111 737 καὶ
2125 711 2209 747 ῥηγνυ-

1316 748 1400 784 μένων,
1414 748 1511 783 ἀνάγκη
1524 749 1616 783 ἀργεῖν,
1630 746 1677 781 θῆν
1686 748 1721 783 μή
1734 760 1771 780 τις
1780 746 1826 784 ἔχῃ
1839 750 1967 785 περίζυγα.

1365 793 1673 829 flammineum:
1699 795 1986 842 Περιειλησάμενος.

1279 841 1305 869 Β
1366 843 1559 878 flamniam<
1572 856 1580 878 :
1606 843 1780 886 Αἳτιατικῆ.

1367 891 1554 928 Harizuu:
1581 896 1640 933 Ζῶ,
1658 891 1702 927 ἔτι
1721 881 1863 939 σῦζομαι.

1358 954 1407 981 Καὶ
1423 955 1496 986 αὐτὸς
1514 954 1569 990 μὲν,
1585 953 1641 992 ἔφη,
1656 955 1695 982 ἐπὶ
1713 956 1757 988 τῆς
1769 955 1869 986 Μυσίας
1884 954 2036 990 ἐπολέμησα,
2048 956 2091 983 καὶ
2108 958 2210 993 περίειμι

1317 997 1362 1021 νῦν·
1384 994 1427 1021 καὶ
1450 994 1541 1031 λόγχην
1564 995 1734 1027 ἐπανατείνας,
1756 997 1781 1022 ἐν
1801 996 1890 1031 ταύτῃ,
1913 993 1971 1031 ἔφη,
1992 993 2071 1031 (Ῑῆμῒν
2092 995 2107 1029 ἦ
2128 997 2211 1028 πίστις

1317 1035 1383 1062 ἐστί.

1368 1086 1554 1122 ΠΕΡιΕῒΝΑι
1568 1100 1576 1122 z
1602 1087 1828 1135 Περιγενὲσθαι.

1356 1141 1422 1168 Ἰδὼν
1433 1140 1470 1168 ὅτι
1484 1143 1524 1168 οὐκ
1537 1140 1619 1173 ἄλλως
1632 1141 1696 1174 Βτὴν
1709 1141 1777 1169 πόλιν
1789 1140 1805 1175 ἢ
1819 1145 1882 1177 λιμᾷ
1894 1144 2008 1178 περιεῖναι
2021 1143 2125 1170 δύναιτο.

1367 1183 1575 1218 Ummium:
1604 1186 1660 1218 Ἑν
1677 1182 1736 1232 βίῳ
1752 1184 1875 1231 διάγειν,
1892 1188 1952 1228 ζἠν.

1279 1225 1303 1252 c
1357 1236 1419 1264 Τότε
1432 1236 1477 1272 μὲν
1490 1238 1562 1269 οὕτως
1575 1235 1695 1272 ’Iove-rim
1707 1240 1819 1274 περιεῖναι
1833 1236 1928 1272 ξυνέβη.

1319 1278 1382 1315 Καὶ
1398 1279 1463 1315 ἀντὶ
1479 1284 1532 1315 τοῦ
1548 1285 1636 1315 νικᾶν.

1318 1427 1376 1446 rem
1395 1417 1494 1451 multo,
1516 1417 1563 1456 qui
1585 1417 1651 1446 vixit
1671 1423 1799 1457 tempore
1819 1418 1958 1447 Anastasii
1976 1417 2157 1457 'imperatoris
2179 1419 2210 1447 in

1317 1457 1455 1495 principio
1466 1457 1622 1486 saeculiVI.
1637 1464 1665 1486 et
1679 1458 1733 1486 fuit
1746 1453 1903 1497 patriarcha
1918 1458 2207 1496 Hierosolymitanus:

1316 1507 1373 1534 quo
1393 1503 1521 1535 tempore
1541 1497 1625 1526 etiarn
1646 1497 1712 1525 vixit
1732 1498 1778 1526 hic
1793 1499 1906 1532 Σάββας,
1920 1498 1964 1526 vel
1986 1504 2018 1526 ut
2037 1497 2084 1525 alii
2100 1504 2209 1531 vocant,

1317 1538 1414 1570 Σάβας,
1430 1537 1478 1574 qui
1492 1536 1546 1565 fuit
1559 1537 1644 1565 abbas
1658 1537 1687 1565 in
1702 1537 1858 1570 Palaestina,
1873 1539 1953 1575 cujus
1967 1537 2051 1565 vitam
2066 1537 2211 1583 conscrip-

1316 1576 1353 1605 sit
1376 1576 1496 1615 Cyrillus
1517 1577 1680 1605 monachus.
1715 1576 1780 1605 Vid.
1802 1577 1937 1605 Laurent.
1961 1576 2074 1605 Surium
2096 1576 2124 1605 in
2149 1577 2210 1606 Vit.

374 1618 432 1646 das.
475 1616 553 1647 Quin
568 1622 597 1644 et
610 1616 644 1644 ad
660 1617 732 1644 hanc
746 1624 874 1644 normam
888 1615 1067 1653 castigandus
1082 1614 1190 1643 videtur
1204 1615 1266 1643 He·
1277 1608 1306 1637 D
1317 1618 1494 1650 Sanctorum,
1510 1622 1579 1645 tom.
1591 1617 1640 1644 VI.
1657 1617 1807 1645 Decembr.
1820 1625 1847 1654 5.
1875 1616 1953 1645 Citat
1973 1617 2046 1645 hanc
2067 1617 2147 1645 Sabae
2166 1616 2209 1645 vi-

373 1656 502 1695 sychius:
529 1658 667 1693 Περιερείαι
693 1657 833 1693 Καθαρσία.
869 1655 1066 1687 Scribendum,
1089 1659 1264 1683 HEPISTIA:

374 1699 515 1734 Καθάρσια.
557 1696 642 1726 Quod
666 1695 784 1724 omnino
808 1704 911 1723 verum.
953 1695 1086 1723 Ceterum
1111 1695 1267 1723 notandum

372 1737 463 1765 Mich.
479 1735 658 1774 Apostolium
674 1735 710 1763 de
728 1735 858 1763 Proverb.
881 1745 910 1773 p.
924 1743 989 1771 195·
1008 1735 1109 1773 legere,
1133 1736 1268 1771 Περιέστια

371 1782 400 1805 et
415 1779 610 1814 Περιεστίαρχος.
633 1775 848 1814 Quod‘perinde
862 1780 914 1802 est.
935 1775 1052 1803 TOUP.
1081 1775 1179 1812 Περίεσι
1192 1775 1265 1803 A.B.

373 1816 500 1845 Photius.
515 1816 593 1853 πέρισι
605 1815 674 1843 Lex.
689 1816 755 1853 Seg.

412 1856 671 1891 ΠΕΡΙΕΣΟΜΕΘΑ]
686 1856 805 1892 Procop.
819 1853 912 1882 Vand.
928 1863 956 1892 p.
970 1860 1002 1891 15
1011 1863 1035 1882 r.
1052 1863 1121 1892 309.
1135 1854 1254 1883 TOUP.

412 1903 427 1917 ⁰
442 1895 666 1933 Περιγενησόμεθα]
682 1894 836 1931 γενησόμεθα
846 1894 882 1921 V.

414 1943 429 1965 P
442 1936 560 1972 Ἀτίμως]
578 1936 678 1970 ἑτοίμως
691 1935 725 1963 Α.

413 1982 429 2004 q
442 1975 610 2011 ἀνέστρεψαν]
627 1974 705 2012 Lege
719 1973 867 2011 ἀνέτρεψαν.
888 1973 953 2001 Vld.
968 1973 996 2001 in
1009 1973 1080 2005 Τέως.
1096 1973 1237 2001 VALCK.

412 2018 671 2042 I'IEPIEETHKEN:
688 2016 828 2050 Αἰτιατικῇ.
843 2013 1022 2050 neptia-rarat]
1037 2013 1189 2051 Postquam
1201 2012 1265 2041 Sui-

373 2055 423 2084 das
443 2054 577 2083 docuerat
598 2054 732 2090 Περιέσται
752 2063 817 2082 cum
839 2052 965 2091 genitivo
986 2052 1122 2091 usurpari,
1142 2062 1206 2081 cum
1226 2062 1266 2081 sc.

373 2095 490 2123 denotat
503 2095 649 2131 superabit,
665 2093 701 2121 ad
715 2092 788 2121 aliud
804 2093 919 2120 verbum
934 2092 1052 2125 transiit,
1068 2093 1180 2125 docens,
1195 2097 1266 2130 Περι-

372 2136 474 2168 έστηκεν
496 2143 561 2162 cum
585 2132 742 2161 accusativo
764 2132 902 2170 usurpari,
926 2138 1009 2169 atque
1033 2132 1087 2160 hoe
1111 2132 1266 2170 significare

372 2176 536 2206 circumstat,
552 2173 595 2201 vel
609 2173 729 2205 ambivit,
745 2173 877 2200 circuivit.
899 2171 968 2200 ldeo
982 2171 1061 2199 addit
1072 2171 1266 2210 explicationis

370 2213 469 2252 gratia,
484 2214 652 2250 περιΐσταται,
666 2212 867 2249 περιέστρατπαι.
909 2212 947 2239 At
968 2211 1069 2239 Portus
1089 2211 1198 2245 erravit,
1218 2211 1267 2249 qui

371 2254 443 2282 dixit
456 2262 518 2281 esse
531 2262 549 2280 a
561 2251 863 2290 wspacrpdrmfulgure
876 2252 1021 2280 circumdo.
1054 2251 1120 2279 Hoc
1133 2251 1265 2279 Graecum

371 2303 430 2322 non
444 2298 498 2326 est,
513 2292 562 2321 sed
575 2294 772 2330 περιαστράπτω.
807 2291 893 2320 Unde
907 2291 986 2320 fieret
1003 2291 1197 2329 περιήστραπται
1215 2301 1267 2330 per

370 2346 395 2368 η,
419 2343 476 2361 non
498 2332 690 2370 περιέστραπται
713 2341 763 2370 per
783 2344 804 2359 ε.
845 2332 898 2359 Est
922 2337 1016 2359 autem
1037 2332 1229 2368 περιέστραπται
1250 2340 1267 2359 a

1316 1663 1375 1685 tam
1396 1656 1482 1685 etiam
1504 1656 1602 1685 Suidas
1632 1656 1705 1685 infra
1726 1667 1751 1685 v.
1776 1661 1877 1693 Φωγεῖν.
1899 1657 1928 1685 h.
1947 1666 1972 1685 v.
1993 1660 2095 1694 Φανγεῖν,
2119 1659 2210 1694 '7⁰⁰5-

1315 1698 1360 1731 Μὴ
1378 1697 1456 1733 μήλου
1468 1699 1613 1733 τοπαράπαν
1626 1700 1727 1734 φαγεῖν.
1761 1697 1834 1731 Ζῆτει
1847 1700 1872 1725 ἐν
1885 1700 1921 1733 τῷ
1933 1701 1975 1725 τοῦ
1988 1698 2052 1724 tohu
2064 1697 2142 1731 Σάβα
2154 1698 2210 1732 βίᾳ.

1315 1737 1362 1765 En
1376 1738 1416 1764 τὶν
1425 1736 1487 1764 ὅσιον
1497 1738 1586 1771 Σάβαν
1598 1743 1688 1770 vocat,
1703 1746 1787 1775 quem
1802 1736 1847 1765 hic
1861 1737 1901 1765 τὸν
1915 1739 1975 1765 θεῖον
1987 1737 2085 1772 Σάβου.
2106 1736 2209 1765 Histo-

1316 1775 1356 1804 ria
1379 1785 1435 1814 quo
1458 1776 1579 1814 respexit
1601 1776 1710 1810 Suidas,
1731 1776 1771 1804 ita
1790 1777 1892 1805 habet:
1921 1777 2038 1805 Severus
2059 1775 2208 1814 episcopus

1315 1816 1510 1845 Antiochenus
1534 1815 1648 1845 miserat
1671 1826 1721 1844 sua
1745 1816 1889 1855 synodalia
1913 1817 1947 1844 ad
1972 1815 2064 1844 Eliam
2091 1815 2208 1854 patriar-

1316 1857 1408 1889 cham,
1426 1866 1488 1894 quae
1510 1866 1574 1884 cum
1596 1856 1643 1884 ille
1665 1866 1722 1884 non
1744 1855 1914 1889 admitteret,
1933 1855 1968 1883 ad
1990 1855 2057 1883 iram
2079 1855 2209 1884 accendit

1315 1896 1523 1934 imperatorem.
1563 1896 1658 1925 Quare
1678 1905 1772 1923 rursus
1791 1895 1941 1923 mittuntur
1957 1895 2054 1924 eadem
2072 1895 2209 1924 Hieroso-

1315 1936 1428 1973 lymam,
1444 1935 1595 1963 mittuntur
1614 1935 1696 1963 simul
1714 1934 1807 1963 clerici
1821 1935 1934 1973 quidam
1953 1945 2019 1964 cum
2033 1945 2119 1963 mauu
2133 1935 2207 1964 mili-

1315 1975 1367 2004 tari
1382 1984 1439 2003 non
1454 1984 1545 2013 parva,
1561 1985 1622 2013 quae
1637 1974 1693 2003 vim
1708 1975 1818 2003 afferret
1836 1974 1878 2008 iis,
1893 1974 1942 2013 qui
1961 1985 2020 2003 non
2040 1974 2069 2003 in
2088 1975 2207 2004 eandem

1315 2014 1484 2043 sententiam
1506 2021 1621 2053 possent
1641 2014 1749 2043 adduci.
1792 2015 1863 2043 Haec
1882 2025 1948 2043 cum
1966 2014 2006 2043 ita
2018 2024 2048 2043 se
2061 2015 2207 2048 haberent,

1316 2061 1345 2083 et
1355 2055 1426 2083 Eliae
1434 2057 1494 2093 jam
1509 2064 1591 2092 grave
1605 2054 1765 2083 immineret
1778 2054 1944 2092 periculum,
1955 2054 2090 2092 omnique
2103 2054 2206 2083 auxilio

1315 2094 1339 2122 is
1357 2101 1431 2123 esset
1449 2094 1608 2127 destitutus,
1623 2094 1801 2132 congregavit
1821 2094 1931 2122 divinus
1951 2095 2039 2122 Sabas
2059 2095 2208 2132 primarios

1316 2134 1480 2167 monachos,
1496 2133 1662 2171 quibuscum
1680 2143 1862 2172 perrumpens
1879 2133 1956 2162 illam
1970 2144 2034 2171 quae
2046 2133 2138 2162 Eliam
2153 2133 2207 2163 eir-

1315 2174 1474 2202 cumstabat
1488 2173 1708 2206 multitudinem,
1726 2174 1794 2210 (hoc
1811 2179 1856 2202 est
1874 2173 1949 2211 quod
1966 2173 2075 2206 Suidas.
2094 2174 2123 2202 τὸ
2142 2185 2209 2211 περι-

1316 2214 1416 2248 εστηκὸς
1425 2216 1498 2242 ἐκεῖνο
1507 2215 1596 2247 πλῆθος
1608 2214 1648 2242 τὶν
1658 2215 1811 2251 πατριάρχην
1819 2214 1911 2241 Ἠλίαν
1921 2213 2059 2249 tutelam
2069 2215 2128 2246 θεῖος
2138 2215 2207 2249 Σάβ-

1315 2254 1376 2289 βας)
1394 2254 1489 2282 Severi
1503 2252 1646 2281 ministros
1659 2252 1738 2282 illinc
1753 2253 1841 2292 fugat,
1856 2259 1888 2282 ut
1901 2253 1966 2282 hab.
1981 2253 2076 2292 Cyrill.
2098 2253 2183 2282 Bos.

1356 2294 1605 2330 ΠΕΡιΕΣΤΗκοΣ]
1623 2293 1713 2322 Deest
1726 2293 1762 2322 V.

1357 2339 1369 2355 Ι·
1382 2334 1467 2370 αὑτὸν]
1485 2336 1553 2369 αὑτῷ
1566 2333 1598 2361 Α.
1634 2334 1669 2362 In
1682 2343 1740 2371 quo
1751 2343 1809 2361 om.
1823 2334 1866 2361 καὶ
1879 2334 1908 2361 τὶ
1921 2334 2186 2372 περιεστ.-Σάββας.

371 2373 588 2411 περιστρέφεσθαι,
600 2372 676 2410 quod
690 2371 765 2400 idem
777 2371 893 2399 denotat
902 2380 967 2399 cum
978 2373 1141 2408 περιΐστᾶναι,
1155 2372 1265 2405 ambire,
1279 2374 1302 2402 F
1356 2379 1367 2394 S
1382 2374 1423 2401 τὸν
1435 2375 1586 2411 πατριάρχην
1598 2373 1702 2410 Ἠλίαν]
1718 2374 1793 2402 Puto
1808 2373 1957 2412 legendum
1972 2382 2042 2407 esse,
2056 2374 2097 2401 τὶν
2113 2374 2206 2411 προφή-

372 2415 554 2445 circumstare.
596 2411 642 2440 Sic
661 2411 756 2449 itaque
772 2411 947 2439 collocentur
961 2411 1043 2440 verba
1057 2410 1168 2439 Suidae:
1193 2415 1266 2449 Περι-

371 2454 454 2486 έστοιι,
468 2456 560 2489 γενικῇ.
584 2452 752 2489 Περιέστηκεν,
768 2454 905 2489 αἰτιατικῇ,
920 2452 1088 2489 περιΐσταται,
1103 2452 1265 2488 περιέστραπ-

371 2505 415 2520 ται
428 2493 481 2521 &c.
525 2492 591 2520 Hoc
611 2492 779 2529 probaturus
797 2491 874 2519 addit
893 2491 950 2519 duo
968 2491 1105 2529 exempla,
1120 2491 1149 2519 in
1164 2490 1265 2529 quibus

371 2531 448 2560 verbi
471 2532 554 2569 hujus
579 2532 717 2568 τεριΐστημι
742 2530 918 2568 participium
942 2540 1007 2559 cum
1031 2530 1190 2560 accusativo
1214 2540 1263 2559 oc-

372 2571 467 2600 currit.
509 2570 588 2599 Prius
608 2576 668 2599 est:
692 2571 742 2598 Ka}
760 2572 918 2607 περιστάντες
936 2574 1008 2598 αὐτὸν
1021 2575 1070 2599 πᾶν
1082 2571 1110 2598 τὸ
1129 2573 1172 2604 τῆς
1189 2572 1264 2599 ἀδελ-

370 2611 475 2649 φότης-ος
487 2611 615 2648 πλήρωμα.
629 2623 633 2626 ·
657 2609 816 2638 Posterius:
838 2611 881 2638 καὶ
900 2611 927 2638 τὸ
945 2611 1098 2647 περιεστηκὸς
1114 2613 1187 2638 ε’κεΐνο
1199 2611 1264 2643 πλῆ-

371 2653 409 2684 θος
429 2651 469 2678 τὸν
489 2652 640 2688 πατριάρχην
659 2652 750 2678 Ἠλίαν
770 2650 916 2685 διατεμώνό
937 2652 995 2683 θεῖος
1015 2652 1130 2685 Σάββας.
1151 2650 1179 2678 h.
1194 2659 1218 2678 e.
1239 2653 1266 2678 et

371 2700 431 2719 cum
456 2692 562 2718 divinus
576 2690 682 2718 Sabbas
697 2691 863 2727 perrupisset
881 2691 1081 2718 multitudinem
1101 2691 1187 2722 illam,
1207 2699 1265 2726 quae

367 2731 557 2767 patriarcham
572 2731 665 2758 Elium
683 2730 881 2758 circumstabat.
924 2729 1001 2758 Male
1019 2730 1096 2757 enim
1111 2729 1194 2767 vulgo
1207 2728 1263 2757 dis-

1315 2425 1359 2447 την
1371 2414 1490 2441 Ἡσαΐαν.
1523 2413 1636 2442 Esaiam
1651 2412 1727 2441 enim
1741 2423 1816 2442 serra
1829 2413 1980 2442 dissectum
1995 2412 2081 2441 fuisse
2092 2412 2209 2442 historia

1315 2462 1393 2481 sacra
1407 2458 1534 2486 testatur,
1546 2453 1622 2491 quod
1637 2459 1736 2482 auctor
1809 2453 1898 2482 menti
1913 2451 1995 2489 hujus
2008 2453 2126 2481 innuere
2135 2452 2207 2482 velle

1315 2492 1432 2521 videtur.
1474 2493 1576 2521 Fateor
1590 2499 1694 2527 tamen,
1708 2493 1743 2522 de
1756 2502 1840 2521 sensu
1853 2492 1906 2521 loci
1921 2493 2014 2531 hujus,
2027 2492 2075 2530 qui
2088 2493 2208 2521 omnino

1315 2532 1388 2561 lacer
1401 2538 1444 2561 est
1457 2538 1486 2561 et
1500 2533 1624 2566 mutilus,
1639 2532 1709 2561 nihil
1723 2533 1791 2562 certi
1805 2532 1890 2561 statui
1905 2542 1995 2571 posse.
2018 2532 2132 2561 KUST.

1355 2574 1366 2594 t
1379 2573 1510 2608 διατεμῶν]
1526 2572 1638 2604 Malim.
1654 2574 1768 2608 διέτεμον.
1790 2573 1908 2601 KUST.

1355 2618 1370 2633 υ
1385 2614 1416 2639 Ὁ
1429 2614 1488 2644 θεῖος
1505 2613 1623 2648 Σάββας]
1642 2612 1719 2642 Quid
1738 2613 1812 2641 hoc?
1836 2612 1864 2641 Si
1885 2618 1929 2640 est
1949 2621 2054 2640 nomen
2075 2611 2207 2645 auctoris,

1313 2660 1377 2679 eum
1393 2650 1461 2679 mihi
1476 2652 1604 2689 ignotum
1622 2661 1683 2680 esse
1697 2652 1795 2681 fateor.
1816 2653 1932 2681 KUST.
1974 2651 2117 2681 Fabricius
2130 2651 2207 2680 Bibl.

1315 2691 1366 2719 Gr.
1380 2691 1435 2719 lx.
1450 2691 1499 2728 98.
1521 2692 1617 2725 Σάβας.
1637 2692 1756 2720 TOUP.

1354 2731 1606 2767 ΠΕΡΙΕΣΤΗΣΑΝ]
1623 2730 1789 2768 Περιέστηξαν
1802 2731 1950 2760 A.B.V.E.
1961 2740 2004 2769 pr.
2018 2729 2144 2759 Photius.

371 2769 472 2798 tinctio
487 2769 600 2807 ponitur
613 2776 679 2798 ante
692 2770 775 2797 verba
794 2771 805 2797 ὄ
828 2771 888 2802 θεῖος
907 2770 1023 2803 Σάββας.
1055 2769 1126 2799 Quae
1146 2768 1265 2806 proinde
1278 2756 1306 2784 G
1355 2770 1596 2806 ΠΕΡΙΕΧΕΣΘΑῙ]
1619 2770 1786 2799 Damascius
1808 2780 1853 2808 ap.
1877 2770 1961 2799 Phot.
1979 2780 2007 2808 p.
2023 2778 2108 2807 1070.
2139 2770 2206 2798 Piu-

371 2815 541 2847 acceperunt
563 2809 735 2847 interpretes,
757 2818 790 2837 ac
811 2808 835 2836 si
858 2814 933 2837 esset
954 2818 1058 2836 nomen
1081 2808 1211 2842 auctoris,
1231 2817 1264 2836 ex

371 2859 428 2887 quo
442 2849 631 2887 fragmentum
646 2849 700 2877 hoc
711 2848 881 2886 decerpserit
895 2848 1003 2877 Suidas.
1020 2848 1105 2876 Unde
1116 2848 1160 2876 Cl.
1172 2849 1263 2877 Kust-

371 2898 433 2918 erus
447 2889 482 2917 ad
496 2898 538 2922 ea,
554 2888 577 2916 si
591 2895 634 2917 est
648 2898 752 2917 nomen
768 2889 898 2921 auctoris,
914 2898 977 2916 eum
995 2887 1123 2926 ignotum
1137 2888 1190 2916 sibi
1203 2897 1264 2917 esse

371 2929 482 2958 fatetur.
525 2928 632 2957 Pariter
655 2927 723 2957 hinc
746 2927 842 2966 liquet,
859 2937 1005 2967 perperam
1030 2928 1066 2956 ab
1088 2928 1187 2957 eodem
1206 2927 1263 2956 viro

370 2969 455 2997 docto
477 2978 527 3007 pro
541 2968 661 3004 διατεμὼν
675 2967 730 3006 legi
750 2968 866 3004 διέτεμον,
880 2967 945 3006 quia
965 2978 1024 2997 non
1045 2967 1197 3007 cogitabat,
1212 2978 1263 2996 no-

371 3019 437 3038 men
460 3008 530 3037 illud
547 3010 654 3043 Σάββας
675 3008 711 3036 ad
731 3007 918 3047 praecedentia
936 3009 1092 3046 pertinere:
1117 3017 1262 3046 perperam

370 3049 454 3077 etiam
469 3049 504 3077 ab
518 3048 620 3077 eodem
634 3058 685 3086 pro
699 3049 740 3076 τὸν
752 3051 903 3085 τατριάρχην
915 3050 1006 3076 Ἠλίαν
1021 3047 1074 3084 legi
1089 3048 1130 3076 τὸν
1141 3049 1263 3086 προφήτην

370 3089 488 3122 H‘wfav,
516 3087 629 3117 Esaiam
657 3087 733 3116 enim
763 3097 838 3116 serra
864 3087 1015 3116 dissectum
1040 3087 1125 3116 fuisse
1147 3087 1263 3117 historia

1315 2810 1402 2839 tarch.
1422 2810 1528 2839 Anton.
1544 2820 1571 2848 p.
1582 2818 1652 2847 924.
1674 2812 1807 2846 ἐλευθερίας
1826 2810 1998 2847 περιεχόμενον.
2031 2810 2128 2848 Synes.
2149 2810 2205 2848 Ep.

1319 2859 1330 2878 1
1340 2859 1384 2887 13·
1398 2851 1559 2887 περιεχόμεθα
1570 2853 1617 2878 rau
1627 2852 1721 2886 Μῦν.
1742 2850 1802 2878 1)ὶο
1813 2849 1957 2888 Chrysost.
1967 2860 1995 2888 p.
2006 2858 2076 2887 492.
2096 2849 2203 2878 Julian.

1314 2900 1343 2928 p.
1353 2898 1422 2927 373.
1442 2890 1561 2918 TOUP.

1356 2936 1370 2951 ¹
1383 2930 1457 2963 Μῆτε
1470 2930 1555 2966 αὐτοῦ]
1572 2930 1657 2968 Seqq.
1672 2940 1730 2959 om.
1742 2930 1775 2958 A.
1802 2932 1930 2968 αἰτιατικῇ
1943 2929 2087 2967 δὲ-σῦτερ
2100 2938 2158 2958 om.
2167 2929 2205 2958 V.

1354 2975 1368 2991 Ζ
1381 2971 1473 3007 αἷδοῒα]
1490 2971 1557 2998 {tera
1570 2970 1604 2998 A.

1353 3015 1369 3031 a
1381 3011 1545 3047 περιζώμασι]
1558 3009 1657 3048 Polyb.
1669 3019 1697 3048 p.
1708 3019 1718 3038 1
1724 3019 1740 3046 3
1745 3018 1773 3047 5.
1789 3008 1879 3038 Dion.
1892 3009 1959 3038 Hal.
1969 3018 1998 3047 p.
2012 3019 2022 3038 ι
2031 3017 2042 3036 ι
2051 3017 2076 3037 1.
2086 3008 2204 3037 TOUP.

1312 3048 1379 3077 Vid.
1393 3049 1640 3086 Schweighaeuser.
1662 3050 1698 3078 ad
1721 3049 1819 3088 Polyb.
1833 3049 1882 3077 vl.
1896 3056 1942 3086 25,
1953 3057 1983 3086 3.
2005 3047 2054 3087 qui
2078 3047 2157 3076 malit
2176 3049 2205 3076 τὸ

1311 3090 1363 3126 περὶ
1376 3090 1411 3117 τὰ
1425 3091 1513 3117 αἰδοῖα.

369 3138 448 3157 sacra
468 3134 594 3162 testatur,
609 3127 711 3166 inquit,
734 3127 809 3166 quod
828 3134 926 3156 auctor
947 3127 1029 3164 hujus
1049 3127 1199 3166 fragmenti
1218 3127 1261 3156 in·
1272 3139 1301 3167 H
1354 3128 1370 3151 b
1383 3130 1506 3166 Εενοφῦν]
1519 3130 1622 3167 Cyrop.
1635 3129 1685 3158 VI.
1698 3138 1778 3166 2⁸3²·
1801 3127 2008 3157 Vid.Abresch.
2021 3126 2204 3156 Diluc.'rhu-

370 3178 454 3196 nuere
469 3168 538 3197 velle
549 3168 666 3197 videtur.
686 3168 741 3196 Sed
755 3174 786 3196 ut
797 3167 850 3196 alia
864 3167 984 3201 mittam,
997 3174 1109 3206 quantae
1123 3173 1167 3197 est
1177 3168 1262 3196 auda·

369 3207 418 3235 ciae
430 3218 480 3245 pro
493 3211 643 3246 πατριάρχην
653 3210 744 3236 Ὴλίαν
758 3217 892 3246 reponere
904 3209 1025 3246 προφήτην
1036 3209 1145 3244 Η“σᾳΐαν
1156 3209 1166 3236 ?
1187 3209 1262 3236 Cave

370 3253 460 3275 mutes
478 3247 526 3275 ilia
546 3249 586 3276 τὸν
603 3250 755 3285 πατριάρχην
768 3249 876 3276 Ἠλίανι
901 3257 953 3276 nec
969 3253 1064 3276 tamen
1079 3247 1162 3276 velim
1178 3247 1262 3276 intel-

370 3285 438 3324 ligas
458 3286 551 3314 Eliam
575 3287 655 3315 illum
673 3287 833 3322 Thisbiten,
852 3287 1027 3326 prophetam,
1052 3290 1131 3326 cujus
1151 3290 1263 3324 γνύριμος

370 3325 425 3354 fuit
443 3324 574 3353 Elisaeus:
605 3336 687 3364 quem
709 3327 801 3356 Eliam
823 3337 847 3356 s.
870 3327 984 3356 historia
1004 3333 1123 3356 testatur
1145 3326 1262 3356 transla-

370 3371 429 3394 tum
443 3373 504 3394 esse
518 3364 545 3392 in
566 3365 668 3398 coelos;
693 3367 740 3394 sed
762 3366 846 3395 alium
868 3367 988 3404 aliquem
1005 3366 1108 3401 Elium,
1122 3366 1261 3396 recentio-

1312 3177 1328 3196 c
1346 3168 1373 3196 d.
1411 3189 1417 3195 .
1437 3178 1446 3196 1
1474 3190 1480 3196 .

1329 3178 1366 3230 ΥΟ
1379 3177 1505 3244 ‹lg—gaii]
1519 3207 1631 3243 ἣν-ἔχη
1647 3209 1719 3237 B.V.
1747 3209 1927 3244 εΣ-περίζνγα
1939 3216 1998 3235 om.
2013 3208 2047 3236 Α.

1352 3245 1368 3269 d
1381 3247 1438 3283 ἡμῖν
1451 3248 1466 3281 ἦ
1479 3248 1575 3283 πίστις]
1592 3250 1675 3280 πίστις
1688 3248 1744 3283 ἡμῖν
1758 3247 1831 3275 Β.Ε.
1857 3247 1871 3281 ἦ
1885 3256 1944 3275 om.
1957 3247 1991 3275 V.

1351 3293 1366 3309 θ
1379 3289 1421 3321 τῆς
1439 3287 1538 3323 πόλεως]
1554 3288 1599 3321 τὴν
1615 3287 1683 3315 πόλιν
1697 3287 1843 3315 A.B.V.E.
1869 3288 1911 3320 τῆς
1929 3287 2018 3319 πόλεως
2038 3286 2126 3316 edidit
2143 3287 2204 3316 Ku-

1312 3333 1401 3356 sterus
1414 3335 1430 3355 e
1445 3327 1521 3355 Porti
1538 3325 1706 3362 conjectura.

1353 3368 1610 3402 nEPIElNAl—§u
1623 3367 1657 3395 A.
1673 3366 1702 3395 in
1718 3375 1805 3405 marg.
1820 3365 1868 3395 ubi
1882 3365 1990 3404 reliqua
2003 3376 2062 3395 om.
