2508 4048
411 411 518 451 3975

412 502 466 520 που
484 484 753 532 διπλασιασμὸς,
741 499 809 519 οταν
825 499 878 526 την
895 498 1100 546 προειρημενην
1117 498 1197 518 κατα
1214 483 1307 524 βάθος

412 534 555 569 πύκνωσιν
571 535 808 580 μετατάττωμεν
828 532 983 578 μανότητι·
1010 549 1028 575 η
1045 531 1073 567 οἱ
1087 532 1308 580 παρεντεθέντες

414 583 568 625 ἔξελίξωσι
595 599 674 619 κατα
692 584 794 625 βάθος.

414 633 632 679 πλασιασμους
649 632 909 694 ἀποδοκιμάζουσι,
928 629 979 665 καὶ
995 631 1138 676 μάλιστα
1156 630 1247 677 ἐγγυς
1264 629 1309 665 όν-

415 698 469 717 των
487 687 540 717 τῶν
555 681 712 728 πολεμίων·
740 680 788 726 ε’φ’
807 681 932 727 ἑκάτερα
957 679 989 715 88
1013 684 1068 714 τῶν
1091 680 1219 726 κεράτων
1240 696 1308 718 τους

414 731 522 773 ψιλους
547 729 599 766 καὶ
623 747 692 770 τους
716 729 823 769 ἱππέας
847 728 1069 770 ἐπεκτείνοντες,
1095 744 1147 771 την
1170 727 1234 771 οψιν
1256 732 1308 763 τοῦ

415 780 643 826 διπλασιασμοῦ
667 778 757 827 χωρὶς
782 783 920 827 ταραχῆς
944 782 999 821 τῆς
1024 778 1189 824 φάλαγγος
1206 777 1309 813 ἀποδι-

413 828 511 864 δό.ασι

465 877 597 925 Πλαγῖα
613 878 737 925 λέγεται
754 875 929 924 φάλαγξ,“
911 892 978 919 ητις
1000 892 1063 923 εχει
1087 874 1122 911 τὶ
1138 880 1234 923 μῆκος
1257 880 1310 911 τοῦ

415 929 526 990 βάθους
550 929 790 963 πολλαπλάσιον.
844 924 950 973 Opola
973 925 1004 960 88
1002 925 1159 997 ”Aeye-rou,
1176 924 1244 960 ὁταν
1261 925 1309 960 ἐπὶ

416 977 552 1023 ’κερατος
569 976 738 1023 πορεύηται,
754 975 985 1011 πολλαπλάσιον
1002 990 1116 1021 εχουσα
1142 973 1198 1010 Ιςτὸ
1216 973 1347 1016 βάθοςΒ

415 1042 467 1061 του
483 1027 605 1072 μήκους.
657 1023 810 1060 1Καθόλου
833 1025 864 1059 88
888 1040 970 1071 παρα
989 1028 1085 1070 μῆκος
1106 1024 1161 1070 μὲν
1184 1023 1308 1070 λέγεται

415 1081 474 1109 πᾶν
498 1076 617 1121 τάγμα,
634 1073 649 1108 8
666 1090 702 1109 αν
718 1073 752 1108 ·r8
768 1078 864 1119 μῆκος
890 1072 979 1122 Ιῐι’ἔχῃ
1003 1074 1092 1108 πλέον
1113 1077 1165 1108 τοῦ
1187 1074 1308 1113 βάθους.

414 1125 531 1171 *Όρθιον
548 1122 622 1165 88,⁰
609 1139 622 1158 ο
638 1139 674 1158 αν
691 1122 724 1158 ·r8
742 1124 835 1165 βάθος
851 1139 902 1157 του
919 1123 1042 1167 μήκους.

463 1173 544 1216 Λοξη
569 1173 716 1235 “λεγεται
743 1173 923 1218 φάλαγξ,“
906 1188 925 1214 7
951 1170 985 1205 τὸ
1007 1171 1062 1216 μὲν
1088 1171 1184 1230 ἕτερον
1209 1170 1308 1217 κε’ρας,

414 1221 547 1282 ὁπότερον
562 1238 598 1256 αν
614 1220 789 1281 προήρηται,
804 1219 932 1262 πλησιον
948 1224 1003 1254 τῶν
1018 1217 1167 1264 πολεμιων
1184 1218 1308 1265 ἐ’χουσα,

414 1287 465 1306 και
492 1271 519 1306 ἐν
542 1270 622 1318 αὐτῷ
646 1259 694 1304 ·r8v
716 1270 815 1315 οἷγῶνα
836 1268 1001 1314 ποιουμένη·
1028 1266 1061 1302 ·r8
1084 1268 1152 1302 88‘
1143 1267 1238 1328 ἕτερον
1260 1268 1309 1303 οέν

818 404 1060 435 EPMHNEIA
1090 405 1187 435 ΤΩΝ
1220 401 1676 436 ΕΠΙΣΊῬΑΤΕΥΜΑΤΩΝ
1707 417 1739 437 κ.
1763 418 1791 438 τ.
1812 409 1850 438 λ.

2145 404 2253 453 3976

1358 498 1481 529 στομος,
1498 482 1562 526 ἥτις
1583 484 1610 519 ἔν
1627 500 1664 546 τη
1682 500 1784 532 πορειᾳ
1801 501 1869 525 τους
1886 486 2032 532 ἡγεμόνας
2049 485 2114 534 ἔχει
2132 487 2193 528 εξ
2181 503 2252 523 εκα-

1357 548 1444 579 τερων
1460 537 1515 567 τῶν
1531 538 1624 581 μερῶν
1642 549 1670 569 εν
1685 533 1881 596 “ἔπαγωγαῖς
1897 535 2106 582 τεταγμένους·
2135 552 2184 576 ους
2198 552 2254 583 μεν

845 583 940 617 ’Ένιοι
959 581 989 616 88
1007 597 1076 620 τους
1100 597 1247 620 τοιουτους
1264 581 1308 616 δι·
1322 590 1347 618 Α
1359 580 1388 616 ἔν
1404 581 1485 642 δεξιᾷ
1484 586 1678 645 παραγωγῇ·
1706 598 1756 623 ους
1773 583 1847 625 88,'
1833 599 1861 619 εν
1878 584 2042 631 ευωνυμοις·
2069 601 2138 624 τους
2157 585 2188 620 88
2205 602 2253 620 ου-

1357 646 1467 678 ραγους
1483 630 1540 666 ἔσω
1557 631 1766 678 τεταγμένους.

1410 679 1601 727 Ἀντίστομος
1629 680 1835 728 διφαλαγγία,
1861 682 1880 724 ἢ
1913 674 1985 721 τοὺς
2015 683 2071 729 μὲν
2104 682 2254 729 ἡγεμόνας

1358 744 1422 775 εχει
1439 729 1550 774 μέσους
1566 730 1776 776 τεταγμένους·
1803 747 1871 770 τους
1889 731 1920 766 88
1942 730 2082 778 οὖραγους
2098 731 2183 773 egeo*
2167 747 2254 779 εχου-

1360 793 1402 812 σα
1419 777 1487 819 ἐξ
1474 779 1615 827 ἑκατέρων
1637 784 1692 814 Τῶν
1712 784 1806 827 μερῶν
1828 796 1856 815 εν
1880 795 2075 828 παραγωγαις
2099 781 2252 828 'ferd-’yffi‘-

1359 842 1432 866 νθυς

1410 875 1631 937 Ετερόστομος
1659 878 1790 925 φάλαγξ
1818 882 1970 919 καλεῖται,
1979 877 2076 949 Χῆτις
2090 894 2126 913 αν
2150 878 2254 926 πορεῦ-

1358 941 1429 968 ηται
1446 923 1480 959 ·r8
1497 926 1552 972 μὲν
1568 926 1726 988 ἡγούμενον
1738 943 1834 973 ημισυ
1852 943 1967 974 εχουσα
1979 927 2029 962 Χέν
2046 926 2178 976 ευωνῦμω
2193 943 2254 962 πα-

1358 978 1488 1024 ραγωγῇ·
1512 991 1663 1019 τουτεστι,
1675 992 1744 1015 τους
1761 975 1909 1023 ἡγεμόνας
1926 976 1958 1017 ἔξ
1975 992 2127 1022 ευωνυμου,
2151 980 2203 1012 τοῦ
2220 977 2252 1011 δὲ

1359 1027 1461 1059 λοιποῦ
1478 1023 1611 1069 ἡμίσεως
1627 1041 1696 1064 τους
1713 1024 1860 1072 ἡγεμόνας
1878 1025 1905 1060 ἓν
1923 1025 2005 1072 δεξιοὶΙ
2021 1029 2205 1087 παραγωγῇ.

1409 1070 1631 1118 Ομοιόστομος
1660 1074 1688 1108 ἔν
1714 1074 1818 1134 πορείᾳ
1845 1074 2039 1121 διφαλαγγια
2069 1073 2160 1118 ε’στιν,
2185 1073 2253 1117 ἦτις

1358 1136 1426 1159 τους
1442 1120 1590 1166 ἡγεμόνας
1605 1137 1749 1184 εκατερας
1770 1127 1825 1165 τῆς
1848 1124 2012 1169 φάλαγγος
2034 1123 2068 1158 ἔκ
2087 1128 2143 1158 τῶν
2159 1123 2253 1159 αὐτῶν

1357 1174 1450 1216 μερῶν
1475 1185 1539 1216 εχει
1565 1170 1775 1217 τεταγμένους·
1803 1169 1900 1213 οἷον,’
1888 1186 1921 1206 εκ
1943 1171 2084 1214 δεξιῶν,
2067 1188 2086 1214 7
2104 1172 2136 1213 εξ
2153 1188 2253 1208 ευωνυ-

1357 1233 1419 1279 μων
1447 1234 1590 1266 εκατερας
1622 1220 1797 1266 φάλαγγος.
1846 1221 2008 1266 *Ἔμβολον
2036 1220 2068 1256 88
2101 1226 2253 1263 καλεῖται,

1358 1266 1427 1302 ὅταν
1439 1269 1457 1311 ἡ
1463 1267 1674 1330 άμφιστομος
1690 1267 1886 1315 διφαλαγγια
1903 1285 1943 1303 τα
1964 1269 2020 1315 μὲν
2039 1268 2188 1316 ἡγουμενα
2204 1270 2254 1306 κε’-

413 1320 582 1355 ἀποστάσει
603 1307 649 1353 δι’
678 1318 845 1361 υποστολῆς
876 1316 999 1363 εχουσα·
1028 1316 1109 1358 δεξια
1135 1316 1200 1363 μὲν,
1226 1318 1245 1360 ἡ
1273 1315 1308 1352 τὸ
1357 1331 1437 1364 ρατα
1453 1316 1601 1360 ἀλλήλοις
1619 1318 1748 1366 συνάψῃ,
1766 1334 1806 1353 τα
1823 1318 1885 1353 δὲ’
1872 1316 1999 1364 επόμενα
2016 1318 2180 1368 διαστήση.

414 1367 504 1410 δεξιόν
520 1367 767 1430 προβεβλημενη
794 1366 868 1402 λαια
885 1367 961 1407 88,
945 1383 963 1410 7
980 1364 1013 1401 τὸ
1032 1365 1126 1401 λαιόν.

463 1417 667 1479 Παρεμβολη
676 1416 814 1463 λέγεται,
832 1415 947 1451 ἔπειδαν
969 1430 1210 1461 προτεταγμενων
1227 1419 1308 1450 τινῶν

414 1467 456 1506 εἷς
485 1483 526 1501 τα
553 1465 670 1512 μεταξυ
697 1466 904 1511 διαστήματα,
933 1464 967 1499 ἐκ
991 1469 1047 1499 τῶν
1074 1464 1308 1510 ἐπιτεταγμένων

413 1520 608 1551 καθιστῶνται
626 1514 726 1554 αυτοῖς
750 1513 794 1549 ἐπ’
812 1513 935 1553 εὗθειας.
983 1512 1161 1576 Προσταξις
1179 1513 1259 1554 88,‘'
1239 1528 1308 1548 οταν

415 1565 472 1606 εξ“
460 1580 608 1625 εκατερων
610 1569 664 1599 τῶν
676 1569 769 1612 μερῶν
781 1568 836 1607 τῆς
845 1561 998 1605 τάξεως,
981 1579 1000 1606 η
1018 1562 1072 1598 Ρέκ
1085 1562 1215 1610 θατέρου,
1227 1578 1308 1597 κατα

413 1613 447 1649 τὸ
465 1614 554 1661 κέρας
573 1612 644 1648 ava-8
657 1617 804 1674 προστεθῇ
820 1629 849 1648 τι
864 1618 976 1658 στῖφος
992 1616 1032 1660 τῇ
1047 1613 1133 1661 πάσῃ
1150 1613 1308 1658 φάλαγγι,

413 1663 539 1698 κατευθὺ
556 1679 607 1698 του
622 1662 760 1709 μετῶπου
776 1679 831 1705 της
848 1663 968 1703 τάξεως.
1006 1662 1151 1702 ’Ένταξις
1169 1661 1242 1703 88,’
1230 1676 1309 1696 επει-

415 1713 466 1747 δάν
487 1728 535 1752 τις
559 1728 733 1760 προαιρηται
759 1728 826 1751 τους
851 1710 958 1754 ψιλους
984 1710 1027 1750 εἷς
1049 1727 1090 1745 τα
1111 1710 1309 1756 διαστήματα

412 1766 468 1805 τῆς
484 1763 649 1808 φάλαγγος
666 1762 853 1802 ιιἔντοίσσειν,
870 1760 959 1808 ανδρα
974 1762 1044 1807 παρ’
1061 1760 1161 1807 ἄνδρα.
1211 1761 1306 1794 1Ένιοι

413 1811 443 1846 88
461 1827 546 1846 τουτο
563 1826 614 1846 και
631 1810 805 1857 παρένταξιν
821 1810 1004 1856 ὄνομάζουσι.

463 1859 650 1906 μΕπαγωγη
668 1860 698 1894 88
716 1860 852 1906 λεγεται,
870 1858 938 1893 ὅταν
956 1859 1064 1921 τάγμα
1081 1859 1218 1904 τάγματι
1238 1873 1307 1892 υπο-

412 1909 579 1952 τάσσηται·
608 1907 673 1950 οἷον,
691 1925 872 1972 τετραρχιας
897 1908 1071 1968 ἡγουμένης,
1088 1924 1120 1942 αι
1139 1904 1241 1942 λοιπαι
1258 1923 1308 1941 τε·-

411 1974 551 2018 τραρχιαι
566 1958 796 1993 ὑποτάσσονται·
818 1957 836 2001 ἢ
853 1955 1024 2003 ξεναγιας’
1009 1957 1181 2003 ἡγουμένης,
1195 1972 1226 1991 αι
1244 1964 1307 1990 λοι-

410 2023 465 2042 παι
499 2006 632 2054 ξεναγίαι
667 2007 903 2042 επακολουθοῦσι.
955 2004 1019 2041 Και
1053 2004 1187 2046 καθόλου,
1221 2003 1306 2039 Βὸταν

413 2055 573 2102 σύνταγμα
599 2057 788 2102 συντάγματι
815 2055 843 2090 ἔν
867 2070 970 2115 πορεια
996 2054 1115 2097 ε’πηται,
1139 2052 1218 2088 ὥστε
1242 2058 1306 2093 τοῖς

411 2109 463 2140 τοῦ
480 2121 694 2166 προηγουμενου
708 2105 919 2150 συντάγματος
936 2103 1072 2151 οὗραγοῒς
1088 2119 1157 2142 τους
1173 2119 1225 2138 του
1238 2103 1306 2146 εξῆς
1318 2119 1343 2147 E

410 2155 570 2200 τάγματος
586 2153 734 2200 ἡγεμόνας
751 2155 918 2188 συνάπτειν.

461 2203 639 2250 Παραγωγη
668 2203 805 2250 λεγεται,
835 2201 904 2237 ὅταν
931 2203 950 2246 ἡ
957 2202 1113 2265 φάλαγξ
1136 2200 1305 2248 πορεύηται,

409 2268 478 2291 τους
495 2252 643 2314 ἡγεμόνας
665 2252 698 2287 ἐκ
723 2256 777 2287 τῶν
794 2251 939 2297 εὗωνῦμων
956 2267 1080 2298 εχουσα,
1097 2267 1116 2294 7
1137 2250 1171 2285 ἐκ
1186 2255 1241 2285 τῶν
1259 2250 1306 2286 δε-

409 2302 484 2342 ξιῶν.
532 2299 599 2336 Καν
614 2301 670 2348 μὲν
687 2301 721 2336 ε’κ
737 2306 792 2336 τῶν
809 2300 1003 2347 ῐευωνυμων”
988 2316 1045 2349 εχῃ
1061 2300 1129 2339 τοὺς
1145 2298 1305 2346 ἡγεμόνας,

409 2349 552 2397 εὐώνυμος
580 2350 744 2399 παραγωγὴ
766 2350 901 2397 λεγεται·
929 2350 977 2385 ἔαν
1003 2338 1072 2384 88'
1059 2365 1092 2384 εκ
1119 2353 1173 2384 τῶν
1199 2349 1305 2390 δεξιῶν,

410 2399 491 2440 δεξια
512 2400 688 2447 παραγωγή.
740 2400 815 2435 Εἴτε
839 2400 907 2434 88‘
891 2416 910 2443 7
932 2398 1042 2461 πορεία
1052 2398 1079 2433 ἐν
1097 2398 1239 2447 ἒπαγωγη
1256 2414 1307 2445 γι-

410 2463 502 2490 νεται,
521 2465 582 2483 ειτε
605 2449 633 2484 ἒν
643 2453 825 2512 παραγωγῇ,
843 2449 871 2484 ἔν
894 2447 1090 2495 μονοπλευρῳ,
1107 2464 1126 2491 7
1149 2446 1305 2495 διπλευρω,

409 2514 428 2540 η
445 2497 619 2545 τριπλεύρῳ,
640 2515 659 2541 7
676 2498 883 2559 τετραπλευρω
899 2499 1038 2544 τάγματι
1056 2497 1168 2538 βαδιεῖ.
1210 2500 1341 2532 Move-F

410 2546 526 2607 πλευρῳ
554 2547 620 2593 μὲν,
647 2546 715 2582 ὃταν
743 2546 905 2595 μοναχόθεν
934 2550 1066 2608 φοβηθῇ·
1094 2545 1238 2594 διπλευρω
1264 2546 1305 2587 88,

411 2610 480 2630 οταν
510 2595 632 2643 διχοθεν·
663 2596 828 2645 τριπλευρῳ
857 2596 899 2638 δὲ,
929 2595 999 2630 ὅταν
1027 2584 1169 2642 τριχόθεν·
1199 2611 1307 2642 τετρα-

410 2643 527 2693 πλευρω
550 2646 626 2686 88‚‘
614 2661 681 2680 οταν
705 2644 888 2693 πανταχόθεν
913 2661 938 2680 οι
963 2645 1100 2691 πολέμιοι
1127 2643 1306 2680 ἐπιτίθεσθαι

413 2692 586 2741 υφορῶνται.

463 2742 675 2789 Ἆμφιστομος
699 2744 829 2790 φάλαγξ
856 2748 1007 2784 καλεῖται,
1034 2744 1053 2786 ἡ
1079 2758 1148 2782 τους
1176 2741 1308 2787 ἡμισεας

412 2794 468 2825 τῶν
486 2791 514 2825 ἓν
534 2796 596 2830 τοῖς
618 2791 722 2838 λόχοις
744 2793 847 2855 ἀνδρῶν
868 2791 1133 2851 ἀπεστραμμένους
1149 2790 1207 2825 ἀπὸ
1225 2795 1309 2835 σφῶν

414 2855 540 2886 εχουσα,
558 2840 596 2880 ὥς
612 2840 780 2880 ἀντινώτους
800 2856 882 2876 ειναι.
934 2838 1144 2886 Διφαλαγγια
1160 2839 1191 2874 88
1207 2838 1347 2910 ἀμφί-6

454 2944 463 2959 ¹
476 2938 546 2976 κε’ρας
561 2939 648 2967 Coisl.

456 2976 473 2999 k
487 2983 529 3006 τοῦ
542 2980 631 3013 βάθους
643 2979 670 3007 τὸ
684 2979 768 3015 μῆκος]
786 2978 977 3007 scribendum
991 2983 1044 3011 est,
1059 2978 1088 3005 τὸ
1106 2979 1182 3012 βάθος
1199 2980 1241 3004 τοῦ
1258 2977 1307 3012 μή-

414 3029 480 3050 κους;
504 3023 538 3046 ut
552 3028 588 3046 ex
603 3028 688 3046 sensu
702 3019 888 3047 manifestum
903 3023 955 3047 est.
978 3017 1101 3046 KUST.
1144 3017 1193 3045 Sic
1208 3016 1296 3045 Coisl.

456 3056 465 3079 l
479 3060 535 3085 καθ’
548 3058 600 3085 ὅλον
615 3058 702 3086 Coisl.
717 3068 785 3086 mox
799 3068 856 3086 om.
869 3061 919 3086 πᾶν
931 3059 1031 3094 τάγμα.

458 3103 481 3118 m
497 3096 542 3134 ἔχῃ
557 3097 645 3125 Coisl.
660 3097 711 3133 ἔχοι
726 3098 804 3136 vulg.

457 3142 474 3157 ¹¹
489 3137 513 3164 88
527 3139 622 3173 γίνεται
637 3137 724 3165 Cois]-

456 3181 471 3196 0
485 3179 509 3203 ἐν
522 3178 658 3213 ἀποτάσει]
674 3177 779 3205 Suidas
793 3177 823 3205 in
838 3175 900 3211 Λοξῆ
914 3177 1011 3210 habet,
1023 3179 1048 3204 ἐν
1058 3177 1214 3204 ἀποστάσεις
1230 3174 1309 3213 quod

416 3215 523 3282 gae-tilus
545 3221 597 3244 est.
621 3216 743 3245 KUST.
779 3216 828 3245 Sic
852 3216 939 3245 Coisl.
983 3216 1057 3244 Mox
1091 3216 1309 3253 προστεταγμένων

443 3264 486 3282 018
499 3275 506 3282 .

457 3301 474 3324 P
487 3295 600 3330 ἑκατέρου
613 3296 650 3330 κ.]
666 3299 694 3323 ἐκ
708 3297 807 3333 θατέρου
821 3299 890 3324 κατὰ
903 3308 926 3324 κ.
944 3295 1032 3324 Coisl.

458 3340 474 3362 ‘l
488 3335 614 3361 ἑνσταθεῖν
630 3334 719 3363 Coisl.

459 3379 470 3394 Γ
485 3374 630 3410 Ἔπωγωγὴ]
647 3374 706 3402 BIS.
720 3373 862 3411 ’Ύπαγωγή.
886 3375 1007 3404 KUST.

458 3421 468 3435 ³
482 3414 542 3442 ὅταν
556 3415 627 3443 adn.
641 3425 709 3441 συντ.
725 3416 750 3441 ἐν
763 3414 803 3450 ι]
821 3414 870 3443 Sic
883 3424 935 3443 ms.
958 3414 1055 3443 Antea
1070 3423 1138 3442 vero
1152 3413 1236 3447 male,
1251 3414 1311 3441 ’ὅταν

1323 1355 1346 1382 C

1320 3265 1348 3293 H

1407 1365 1620 1411 Κοιλεμβολον
1650 1366 1681 1401 88
1705 1372 1857 1410 καλεῖται,
1891 1366 2047 1402 επειδαν’
2031 1384 2050 1411 7
2074 1367 2253 1415 ἀντίστομος

1357 1414 1552 1461 διφαλαγγια
1576 1431 1617 1450 τα
1640 1415 1696 1462 μὲν
1722 1414 1850 1463 ἑπόμενα
1874 1432 1986 1464 κερατα
2011 1417 2141 1465 συνάψῃ,
2158 1433 2199 1452 τα
2221 1417 2253 1452 88

1357 1463 1507 1510 ἡγουμενα
1524 1464 1686 1513 διαστήση.

1407 1511 1560 1548 Πλαισιον
1572 1513 1782 1560 ὅνομάζεται,’
1768 1513 1875 1549 οπόταν
1886 1513 1958 1562 πρός
1970 1515 2075 1554 πάσας
2086 1530 2144 1554 τας
2159 1522 2253 1550 πλευ-

1356 1578 1412 1609 ρας
1428 1562 1643 1609 παρατάξηται
1655 1578 1703 1602 τις
1720 1563 1771 1598 Υέν
1788 1564 1958 1611 ετερομήκει
1977 1564 2128 1610 σχήματι.

1407 1611 1538 1646 Πλινθια
1556 1610 1632 1654 δὲ,
1615 1629 1634 1655 7
1655 1612 1782 1647 πλινθίον
1798 1613 1936 1658 λέγεται,
1953 1611 2021 1647 ὁταν
2037 1613 2066 1648 ἐν
2082 1628 2253 1661 τετραγωνω

1359 1661 1500 1722 σχήματι
1524 1659 1615 1696 ταυτό
1640 1677 1725 1696 τουτο
1750 1661 1931 1710 Ζπράξῃς,’
1910 1677 1978 1708 οπερ
2002 1663 2148 1707 Ξενοφῶν,
2165 1663 2180 1696 0‘
2200 1678 2253 1697 του

1358 1709 1505 1757 Γρύλλου,
1523 1709 1683 1745 ι’πλαισ-ιον
1700 1709 1873 1770 ισόπλευρον
1889 1715 1989 1746 καλεῖ.

1407 1759 1612 1805 Πεπλεγμενη
1629 1759 1793 1806 φάλαγξ’
1780 1775 1872 1801 εστιν,
1889 1775 1958 1803 ητις
1973 1763 2037 1799 τοῖς
2054 1758 2251 1796 ὗποπιπτουσι

1356 1807 1457 1847 τόποις
1486 1808 1708 1854 οἷναγκαζομενη
1741 1809 1953 1855 ἐξομοιοῦσθαι,
1982 1808 2132 1855 τερηδόνος
2165 1808 2253 1856 λόγον

1358 1857 1471 1904 ε’πεχει·
1498 1855 1572 1892 ι)και
1596 1858 1747 1902 ξιφοειδης
1771 1860 1791 1901 ἡ
1816 1859 1945 1905 φάλαγξ
1968 1873 2081 1904 γινεται
2107 1857 2174 1902 ολη,
2199 1874 2251 1894 και

1356 1906 1509 1945 πολυειδὲς
1527 1910 1565 1955 τῇ
1582 1908 1677 1947 τάξει.

1408 1955 1609 2001 *Επικαμπης
1621 1955 1688 1996 88,’
1675 1971 1747 1990 επαν
1758 1972 1799 1990 τα
1811 1954 1896 2001 με’σα
1911 1971 1975 1994 τοις
1990 1955 2146 2001 πολεμίοις
2158 1971 2252 2003 προσ-

1355 2020 1463 2052 πιπτῃ,
1480 2020 1522 2039 τα
1547 2004 1578 2038 88
1604 2004 1717 2051 κέρατα
1742 2020 1776 2039 εκ
1800 2008 1855 2039 τῶν
1880 2019 1974 2039 οπισω
1997 2009 2092 2052 μερῶν
2114 2003 2181 2052 ορθι’
2199 2004 2251 2050 υφ’

1356 2053 1461 2095 ἑαυτην
1478 2052 1535 2100 ’ἔχῃ
1551 2068 1733 2099 τεταγμενα.

1406 2108 1420 2124 ⁰
1429 2101 1626 2149 *Εσπαρμένη
1637 2101 1713 2145 88,''
1692 2118 1761 2137 οταν
1772 2101 1815 2142 ει’ς
1816 2117 1929 2153 ογκους
1941 2101 2080 2142 πλειονας
2090 2102 2250 2146 διαλυηται

1355 2155 1410 2186 τῶν
1427 2152 1598 2213 ταγμάτων.

1398 2200 1509 2260 Κυρτη
1527 2200 1569 2242 88,
1587 2216 1638 2235 και
1661 2199 1760 2244 κοιλη,
1777 2216 1829 2236 και
1853 2199 2033 2247 ἔπικάμπιος
2053 2200 2189 2247 λεγεται,
2207 2200 2252 2240 εἷς

1355 2248 1495 2291 τούπίσω,
1514 2248 1588 2284 ἃκαι
1598 2248 1719 2297 πρόσω,
1736 2251 1755 2293 ἡ
1780 2248 1814 2284 τὸ
1840 2248 1943 2295 στόμα
1967 2254 2063 2285 κοῖλον
2088 2265 2214 2313 εχουσα,
2231 2265 2251 2293 7

1355 2297 1466 2346 κυρτὸν,
1483 2315 1502 2342 7
1520 2298 1698 2344 επικαμπές.
1750 2297 1815 2333 Και
1839 2314 1935 2341 τουτο,
1958 2298 1996 2338 ὦς
2019 2314 2145 2359 ειρηται,
2165 2315 2184 2341 η
2208 2298 2251 2338 εἷς

1354 2363 1496 2389 τουπισω,
1513 2364 1532 2391 7
1550 2348 1593 2387 εἰς
1605 2347 1640 2383 τὸ
1659 2346 1769 2396 πρόσω,
1792 2363 1870 2383 ωστε
1893 2363 1934 2382 τα
1951 2347 2018 2390 ειδη
2036 2347 2130 2391 αὐτῆς
2154 2346 2252 2394 εγίνε-

1356 2400 1423 2431 σθαι
1449 2396 1531 2438 ἒξ,“
1519 2398 1652 2441 εκάστης
1676 2401 1730 2432 τῶν
1754 2401 1838 2445 τριῶν
1859 2395 1917 2436 fel<
1941 2396 2071 2432 τοῦπισω
2094 2412 2253 2444 σχηματι-

1356 2445 1522 2492 ζομενης,
1506 2463 1525 2489 η
1543 2446 1585 2486 εἷς
1602 2445 1636 2481 τό
1652 2445 1761 2494 πρόσω.

1407 2496 1700 2543 Τπερφαλάγγισις
1716 2495 1852 2542 λέγεται,
1870 2510 1938 2529 οταν
1952 2494 2013 2536 ε’ξ“
2001 2494 2142 2542 εκατέρων
2158 2498 2250 2542 μερῶν

1355 2549 1411 2588 τῆς
1427 2546 1593 2591 φάλαγγος
1610 2544 1796 2592 ὑπερέχωμεν
1812 2548 1867 2579 τῶν
1882 2543 2039 2590 πολεμιων.

1407 2600 1424 2623 g
1430 2594 1648 2642 Τπερκέρωσις
1666 2593 1747 2635 88‚'
1726 2609 1795 2629 οταν
1813 2593 1846 2629 ἐκ
1862 2597 1914 2629 τοῦ
1931 2593 2029 2641 ἑτέρου
2045 2591 2152 2640 με’ρους
2167 2590 2252 2637 μόνον

1357 2642 1545 2690 υπερέχωμεν
1562 2647 1617 2678 τῶν
1634 2642 1792 2689 πολεμιων.

1405 2691 1590 2738 Λεπτυσμός
1616 2690 1710 2735 ἔστιν,
1735 2691 1804 2727 ὅταν
1828 2690 1862 2726 τό
1887 2691 1982 2732 βάθος
2005 2694 2061 2732 τῆς
2085 2690 2252 2736 φάλαγγος

1358 2756 1541 2788 συναιρηται,
1559 2756 1610 2776 και
1634 2739 1701 2776 ἄντι
1726 2740 1770 2777 ις’
1788 2738 1879 2786 τυχόν
1902 2738 2006 2786 ἀνδρῶν
2032 2738 2176 2777 ἐλάττους
2197 2737 2250 2784 γε’-

1357 2805 1469 2824 νωνται.

1357 2938 1528 2972 συντάγματα
1542 2938 1566 2963 ἐν
1579 2947 1629 2972 πορ.
1653 2935 1775 2964 KUST.

1398 2978 1409 2997 t
1422 2977 1541 3011 εὐωνύμων
1553 2979 1629 3013 μερῶν
1640 2974 1728 3004 Coisl.

1399 3022 1415 3037 u
1431 3019 1593 3053 παραγωγαῖς
1606 3014 1694 3043 Coisl.

1399 3062 1414 3077 Χ
1428 3058 1465 3083 ἐπ’
1481 3055 1568 3083 Coisl.

1398 3101 1414 3124 y
1428 3098 1453 3123 ἐν
1467 3097 1559 3132 ἑτερομ.
1575 3094 1662 3123 Coisl.

1399 3141 1412 3157 2
1425 3133 1504 3172 πράξῃ
1520 3134 1607 3162 Coisl.

1399 3180 1414 3196 Β
1428 3176 1554 3202 διπλάσιον
1568 3173 1655 3201 Coisl.

1399 3213 1416 3235 b
1428 3213 1548 3251 ξιφοειδὴς
1559 3215 1607 3250 γὰρ
1622 3212 1709 3241 Coisl.

1399 3260 1413 3275 ⁰
1427 3253 1547 3290 ἐπαρμένη
1561 3252 1648 3281 Coisl.
1663 3252 1713 3290 qui
1727 3261 1795 3279 mox
1809 3260 1865 3279 om.
1879 3253 1934 3278 τᾶν.

1400 3292 1415 3315 d
1429 3306 1457 3321 τε
1471 3294 1514 3321 καὶ
1528 3291 1617 3321 Coisl.

1400 3339 1414 3354 ⁰
1427 3334 1548 3369 γίνεσθαι,
1563 3332 1619 3368 καὶ]
1634 3332 1730 3368 γίνεται
1743 3329 1772 3363 ἐξ
1785 3328 1873 3358 Cois).

1400 3371 1437 3406 Ῑῆ
1452 3375 1484 3404 εἰς
1498 3371 1586 3400 Coisl.

1401 3418 1417 3440 ἔ
1430 3412 1599 3449 Ὗπερκέρασις
1612 3409 1698 3438 Coisl.
