2508 4048
290 328 400 378 3365
678 326 716 366 Σ
754 326 797 366 O

1622 327 1660 365 Σ
1697 327 1739 366 O
2015 333 2127 384 3366

289 416 386 464 γικός,
403 416 541 502 εἰ’ῗθεὶς·
555 417 636 452 κατὰ
655 417 709 459 τὴν
725 415 771 462 ογ’
789 416 998 460 4Ολυριαίοἱὸα·
1025 416 1064 455 ὥς
1087 432 1179 464 τρεσ·
1190 422 1215 450 Δ
1229 415 1280 451 καὶ
1304 416 1442 465 Χοιρίλον
1459 414 1698 462 “οἷγωνιζο’μ.ενος.
1750 417 1877 456 Παῖδας
1899 418 1931 453 δὲ
1948 418 1997 459 οἳις
2019 421 2119 469 ἔσχεν,

289 466 418 515 βῦτερος
429 483 442 503 ε
455 482 500 502 ναι
509 465 681 512 Σωκράτους
693 464 747 507 ἔτη
756 463 805 507 ιζ.
834 462 932 503 Οὗτος
945 462 1072 512 ί’πρῶτος
1083 467 1180 512 τρισὶν

294 515 304 528 '
354 517 365 531 '
387 532 442 552 ατο
454 515 637 560 ὑποκριταῖς,
649 511 701 548 καὶ
713 516 755 560 τῷ
766 513 936 561 καλουμένῳ
948 521 1176 565 τριταγωνιστῇ·

289 580 340 600 και
355 569 467 613 σρὸτος
481 561 530 598 τὸν
544 560 631 609 χορόν
648 561 683 597 ἔκ
697 561 912 597 πεντεκαίδεκα
931 562 1078 610 εἰσήγαγε
1103 564 1177 607 νέων,

287 613 435 698 :aaz
451 610 649 695 ”mm
666 610 866 695 ziam
884 614 1029 696 32⁰5*ss
1047 611 1114 702 {2¹⁷
1127 615 1179 697 J}

287 711 387 759 δρᾶμα
409 676 482 756 πζές
506 709 607 757 δρᾶμα
626 675 829 756 ὦζωνίζεσθαι,
846 709 932 745 ἄλλα
949 677 995 756 [asia
1013 677 1179 756 '‘aiei-palii?

285 757 365 806 γίαν.
416 757 480 794 Ka>
496 757 624 806 ἔγραψεν
644 758 805 806 Ἐλεγείαν
820 774 867 801 τε,
883 756 936 794 καὶ
949 757 1178 802 ῙΠοιιὸινας-,καὶ

1229 464 1318 508 οὗτοι,
1335 468 1472 510 οἸοφῶν,
1488 464 1668 507 Λεωσθένης,
1695 464 1845 512 Ἀρίστων,
1865 466 2030 511 Στέφανος,
2052 474 2121 506 Με-

1228 514 1394 557 νεκλείδης.
1442 516 1582 560 Τελεπᾷ
1599 513 1631 548 δὲ
1649 513 1732 559 μετὰ
1749 513 1922 561 Εὖριπίὸην,
1940 516 2033 552 Ρέτῶν
2050 518 2122 554 ἔννε-

1229 564 1360 606 νῆκοντα.
1405 559 1570 603 ΨΕδῖὃαξε
1592 562 1623 597 δὲ
1649 562 1789 610 δράματα
1811 563 1890 611 ρκγ’,
1916 564 1954 604 ὥς
1980 565 2012 600 δέ
2033 582 2120 609 τινες,

1228 609 1280 647 καὶ
1295 614 1398 660 πολλῷ
1413 610 1516 646 πλείω.
1568 617 1581 632 ¹¹
1586 610 1686 651 Νίκας
1703 612 1734 647 δὲ
1751 612 1849 654 ἔλαβε
1866 612 1921 648 κδ’.

1277 660 1470 702 Σοοοιλὲε,
1495 658 1702 702 ⁴¹31²i20mm02,
1729 660 1824 701 υἱωνὸς
1849 662 1881 698 δὲ
1896 667 1960 699 ετοῖί
1981 664 2120 713 προτέρου

1227 709 1427 754 Σοφοκλέους,
1455 713 1508 744 τοῦ
1539 710 1753 757 πρεσβυτέρου,
1783 713 1939 754 Ἀθηναῖος,
1965 713 2118 761 τραγικός.

1229 758 1374 800 Ἐὃίὸαξε
1392 758 1423 794 δὲ
1439 758 1580 806 δράματα
1594 757 1640 805 μ’,
1658 759 1700 794 *οἱ
1714 759 1746 795 δὲ
1762 758 1869 805 φασὶν,
1886 760 1938 796 ια’.
1972 762 2071 803 Νίκας
2088 763 2120 798 δὲ

287 807 404 855 1’Ἂοῗγον
428 808 638 854 καταλογάδην
662 806 730 856 περὶ
757 811 810 844 τοῦ
833 811 933 856 χοροῦ,
961 807 1035 856 τρὸς
1063 809 1180 846 Θέσπιν
1192 805 1306 843 Βεῑλεν
1323 806 1359 851 ζ.
1374 809 1518 855 νΕγραψε
1534 806 1586 843 καὶ
1603 807 1800 856 “Ἑλεγειάς.

326 920 341 936 e
353 915 450 950 τεχθεὶς
462 916 532 942 κατὰ
545 915 590 948 τὴν
602 915 640 951 η’
652 915 724 951 ’ολ.]
742 913 805 942 Alii
825 914 998 953 Sophoclem
1017 921 1118 944 natum
1132 927 1178 946 re.

285 954 386 983 ferunt
404 954 523 993 Olymp.
537 953 652 982 LXXI.
667 959 698 982 et
718 953 835 991 quidem
855 964 932 983 anno
955 954 1018 992 ejus
1042 957 1177 985 secundo.

285 994 460 1034 Anonymus
472 994 503 1022 in
517 994 590 1022 Vita
604 993 773 1032 Sophoclis:
795 996 934 1028 Γεννηθῆνοιι
953 995 1028 1023 αὐτόν
1041 1001 1121 1033 φασιν
1134 999 1179 1031 ἑβ-

284 1036 420 1071 δομηκοστῇ
434 1035 513 1071 τρότῃ
525 1035 684 1069 Ὀλυμπιάδι,
698 1035 769 1061 κατὰ
781 1034 810 1061 τὸ
829 1035 932 1071 δεύτερον
952 1033 1013 1068 ἔτος,
1032 1037 1072 1063 ἐπὶ
1089 1036 1177 1073 ἄρχον-

283 1086 324 1107 τος
342 1075 457 1110 'Aonio-yet
474 1074 600 1101 Φιλίππου.
642 1072 701 1101 Pro
719 1073 774 1101 hac
791 1073 927 1112 opinione
946 1074 1016 1103 facit
1030 1075 1179 1105 Diodorus

283 1113 334 1142 lib.
349 1113 440 1141 XIII.
481 1112 597 1141 obiisse
616 1112 694 1141 enim
715 1112 863 1142 Socratem
884 1114 974 1142 refert
994 1124 1070 1143 anno
1090 1117 1178 1145 tertio

283 1152 467 1192 Olympiadis
480 1152 598 1181 XCIII.
637 1151 730 1181 Callia
743 1153 890 1188 archonte,
905 1164 995 1182 annos
1009 1160 1109 1184 natum
1124 1166 1176 1184 no-

1228 915 1312 944 aliter
1332 917 1572 956 interpretaretur
1585 927 1671 956 quam
1686 921 1797 947 cei-tare
1810 918 1846 946 de
1859 928 1891 946 re
1903 918 2002 958 aliqua
2021 924 2120 949 contra

1227 955 1358 994 aliquem.
1400 957 1471 985 Non
1493 957 1578 986 video
1602 958 1747 996 quomodo
1770 957 1826 986 alia
1849 959 1993 988 sententia
2014 969 2051 988 ex
2075 960 2121 988 his

1228 995 1323 1023 verbis
1337 996 1467 1035 exsculpi
1481 997 1581 1035 possit.
1612 997 1694 1032 Quid
1707 1003 1751 1026 est
1763 1002 1878 1027 strenue
1891 998 2045 1037 impetrare
2053 1000 2069 1028 ‚⁹
2083 1010 2120 1028 an

1228 1033 1381 1073 impetrare
1401 1046 1454 1075 pro
1470 1040 1577 1074 petere,
1583 1036 1736 1075 flagitare,
1752 1037 1822 1075 poni
1836 1040 1954 1076 potest?
1976 1048 2013 1067 an
2031 1042 2119 1076 ἀγωνι-

1225 1074 1319 1110 ζόμενος
1339 1075 1426 1104 habet
1450 1076 1543 1104 futuri
1566 1076 1812 1114 significationem,
1834 1087 1871 1105 an
1890 1079 1945 1114 πρὸς
1964 1079 2059 1107 Θέσπιν
2078 1080 2121 1108 καὶ

1226 1115 1333 1151 Χοιρίλον
1346 1120 1442 1154 potest
1456 1121 1558 1144 notare
1571 1115 1608 1144 ad
1621 1115 1742 1150 fabulas,
1754 1122 1809 1145 etc.
1824 1117 1910 1155 petiit
1923 1127 1991 1156 ergo
2006 1118 2117 1158 Sopho.

1226 1153 1284 1183 cles
1298 1154 1416 1183 chorum
1431 1155 1519 1184 simul
1537 1156 1568 1184 in
1586 1166 1686 1185 omnes
1698 1155 1802 1184 horum
1815 1157 1948 1186 fabulas?
1971 1168 2008 1186 an
2028 1159 2120 1187 credi-

244 1214 249 1218 .
283 1193 410 1231 naginta.
451 1194 510 1230 Περὶ
530 1192 556 1221 δὲ
576 1193 618 1221 τὸν
630 1193 711 1242 αὐτὸνΙ
716 1193 804 1230 χρόνον,
819 1193 924 1232 inquit,
939 1197 1087 1229 ἐτελεύτησε
1099 1200 1178 1234 Σοφο-
1188 1196 1212 1224 C
1226 1193 1284 1222 bile
1299 1194 1472 1234 Sophoclem
1490 1206 1544 1234 pro
1563 1195 1659 1224 aemuli
1679 1199 1772 1235 poetae
1787 1196 1908 1225 Choerili
1922 1198 2028 1226 fabulis
2042 1199 2120 1227 Cho-

283 1235 343 1267 κλῆς
355 1233 467 1271 Σοφίλου,
482 1233 580 1267 tun-85<
588 1234 733 1270 τραγῳδιων,
744 1231 788 1267 ἔτη
797 1234 893 1267 βιόσας
905 1234 1064 1268 ἐννενήκοντα.
1079 1235 1178 1270 Quare

283 1282 360 1301 anno
380 1269 506 1301 secundo
521 1271 702 1311 Olympiadis
721 1282 771 1310 sep
876 1273 938 1301 'mae
956 1274 1056 1312 primae
1072 1274 1123 1311 (ab
1143 1285 1178 1304 eo

283 1312 361 1341 0111111
382 1312 420 1340 ad
441 1322 549 1340 annum
569 1312 690 1340 tertium
713 1311 896 1351 Olympiadis
912 1313 1030 1342 XCIII.
1052 1320 1177 1353 utroque

282 1351 408 1381 termino
428 1351 550 1386 incluso,
565 1351 750 1380 intervallum
771 1357 816 1380 est
835 1362 977 1381 annorum
992 1353 1072 1393 XC.)
1088 1355 1177 1394 assig-

282 1391 396 1420 nandus
409 1397 454 1421 est
467 1391 572 1420 natalis
585 1391 738 1438 Sophoclis
752 1401 768 1420 e
782 1392 926 1421 sententia
937 1393 1060 1422 Diodori
1075 1395 1176 1423 Siculi.

283 1431 362 1460 Vide
375 1432 463 1460 etiam
478 1431 608 1460 Petitum
623 1441 654 1460 111
663 1431 857 1460 commentar.
873 1432 910 1460 ad
923 1433 995 1471 Leg.
1007 1433 1073 1462 Att.
1086 1445 1115 1473 p.
1127 1435 1176 1473 69.

323 1510 337 1533 f
346 1515 436 1549 τρὸτος
452 1513 530 1549 τρισὶν
543 1513 666 1550 ἐχρήσατο
679 1513 827 1549 ὑποκριταῖς]
845 1512 1040 1542 Consentiunt
1054 1514 1177 1553 Anony-

282 1561 348 1580 mus
357 1551 389 1580 in
398 1551 470 1580 Vita
481 1552 632 1591 Sophoclis
642 1563 651 1586 ;
666 1551 840 1580 Aristoteles
850 1552 881 1580 in
891 1552 991 1582 libello
1001 1553 1038 1582 de
1047 1554 1176 1589 Poetica,
1188 1581 1217 1609 D
1226 1554 1388 1592 composuit
1402 1554 1552 1582 Fabricius
1567 1554 1644 1583 Bibl.
1660 1555 1712 1582 Gr.
1733 1555 1790 1582 vol.
1806 1555 1847 1583 ΙΙ.

1227 1593 1336 1622 Contra
1351 1593 1481 1632 Thespin
1499 1599 1529 1622 et
1543 1594 1704 1622 Choerilum
1725 1593 1836 1622 dudum
1857 1594 2010 1624 defunctos
2030 1596 2120 1634 scrip-

283 1601 308 1620 0.
322 1601 350 1627 4.
365 1597 395 1620 et
408 1592 544 1626 LaErtius
558 1592 588 1620 in
603 1592 736 1620 Platone.
758 1592 881 1620 KUST.

323 1638 342 1661 ἔ
355 1633 519 1668 δυοκαίδεκα]
535 1633 675 1660 δυοκαίδεκα
688 1631 768 1660 A-V.

324 1670 340 1693 h
355 1671 489 1708 Μέλιττα]
504 1671 574 1700 Vid.
591 1671 758 1700 Philostrat.
772 1683 801 1711 p.
819 1673 886 1709 884.
908 1673 1031 1701 TOUP.

322 1710 332 1733 i
345 1709 414 1749 ἦρξε]
429 1709 488 1748 ἦρχε
501 1711 540 1739 A.
582 1711 657 1739 Mox
669 1715 723 1748 πρὸς
735 1713 763 1740 τό
776 1714 859 1749 δρᾶμα
871 1712 910 1741 V.

400 1750 532 1788 ραιλογίαν]
555 1750 604 1779 Sic
624 1751 807 1780 scribendum
828 1762 889 1781 esse
906 1757 984 1781 recte
1000 1758 1176 1782 monuerunt

282 1791 432 1820 Meursius
445 1791 476 1818 in
491 1790 644 1829 Sophocle,
659 1791 713 1818 sub
728 1790 814 1820 finem
825 1803 834 1825 ;
856 1796 886 1820 et
899 1792 1020 1820 Jonsius
1034 1792 1084 1821 lib.
1100 1793 1125 1821 Ι.
1140 1793 1176 1822 de

282 1830 389 1869 script.
404 1830 485 1859 Hist.
501 1829 577 1858 Phil.
592 1840 616 1858 c.
631 1830 674 1858 16.
709 1829 791 1859 Ante
811 1831 888 1870 enim
909 1831 1008 1870 inepte
1027 1831 1177 1870 legebatur

282 1871 471 1908 στρατολογίαν,
486 1870 565 1908 quod
578 1869 705 1898 Wolfius
718 1875 748 1898 et
764 1870 880 1905 Portus,
895 1870 1005 1899 nullam
1023 1872 1122 1901 mendi
1140 1872 1177 1900 il-

282 1910 340 1939 lius
359 1910 551 1949 suspicionem
571 1910 720 1945 habentes,
741 1920 859 1949 prorsus
879 1913 1065 1948 ἀτροσδιονύσοις
1081 1917 1176 1941 verte-

283 1955 359 1984 rant,
373 1950 509 1979 delectum
523 1949 650 1978 militum.
689 1950 838 1979 Nimirum
859 1961 925 1979 cum
942 1957 1054 1980 veteres

1228 1243 1292 1262 rum
1306 1235 1489 1273 petiturum?
1510 1235 1581 1263 Non
1595 1241 1676 1274 puto.
1709 1236 1818 1265 Sensus
1831 1242 1928 1275 potest
1941 1248 2013 1272 esse,
2028 1239 2120 1278 scrip-

1228 1273 1265 1302 sit
1279 1284 1431 1303 sermonem
1445 1275 1504 1304 sive
1517 1275 1670 1304 orationem
1680 1276 1848 1315 pedestrem,
1860 1277 1896 1306 de
1909 1278 1993 1307 choro
2006 1282 2120 1307 certans

1228 1318 1327 1343 contra
1341 1314 1467 1353 Thes-pin
1482 1319 1507 1344 et
1519 1315 1680 1344 Choerilum.
1703 1315 1822 1344 Nollem
1831 1326 1900 1345 vero
1913 1327 1978 1346 cum
1990 1318 2120 1347 Kustero

1226 1356 1401 1391 καταλογάδην
1415 1365 1598 1394 expungere:
1620 1365 1686 1384 nam
1707 1365 1773 1384 cum
1793 1356 1863 1393 λόγος
1883 1357 1995 1386 dicatur
2007 1359 2076 1393 πεζὸς
2089 1364 2119 1387 et

1226 1394 1296 1431 λόγος
1320 1392 1443 1432 ἔμμετρος,
1465 1397 1569 1433 γράφειν
1589 1395 1856 1432 λόγον’καταλογάδην
1877 1406 1914 1425 ex
1938 1398 2120 1436 oppositione

1226 1437 1268 1461 τοῦ
1281 1436 1384 1472 γράφειν
1398 1435 1467 1472 λόγον
1480 1435 1604 1472 ἐμμέτρως
1616 1440 1694 1464 recte
1708 1435 1765 1464 dici
1779 1446 1863 1474 posse
1877 1436 2001 1466 Videtur.
2015 1437 2119 1466 DOR-

1227 1473 1338 1502 VILL.
1380 1474 1453 1503 Tam
1472 1475 1558 1513 plana
1577 1480 1606 1503 et
1625 1475 1772 1504 luculenta
1787 1475 1885 1504 Suidae
1899 1477 2043 1505 sententia
2056 1483 2119 1506 tur-

1226 1514 1277 1542 bas
1300 1514 1414 1552 peperit
1436 1515 1575 1548 Kustero,
1604 1525 1675 1552 quas
1698 1520 1812 1543 tantum
1835 1516 1954 1544 dimidia
1977 1526 2013 1545 ex
2037 1522 2120 1555 parte

1869 1565 1897 1593 p.
1915 1564 1981 1592 215.
2003 1556 2118 1585 Harles.

1226 1638 1302 1662 serat
1327 1633 1494 1671 Sophocles.
1535 1632 1586 1661 Ad
1606 1633 1798 1662 excusandam
1819 1634 1946 1662 virorum
1969 1635 2120 1664 doctorum

1225 1673 1473 1712 perturbationem
1486 1673 1541 1701 hoc
1554 1672 1634 1706 facit]
1649 1673 1728 1710 quod
1741 1673 1829 1701 etiam
1842 1674 2054 1711 antiquioribus
2067 1676 2120 1704 ho-

1225 1712 1351 1741 minibus
1374 1712 1471 1741 fraudi
1494 1712 1553 1741 fuit
1578 1711 1676 1741 Suidae
1700 1712 1789 1741 locus.
1831 1713 1980 1743 Nimirum
2007 1724 2044 1743 ex
2068 1715 2121 1744 hac

1226 1751 1325 1780 Suidae
1339 1752 1502 1781 narratione
1517 1752 1635 1781 fluxisse
1643 1752 1759 1781 videtur
1772 1763 1852 1781 error
1864 1753 1914 1782 ille
1928 1764 2012 1791 quem
2030 1755 2121 1783 Scho-

1226 1789 1317 1820 liasta}
1331 1791 1536 1831 Aristophanis
1554 1793 1776 1821 communicavit
1789 1793 1863 1821 Vitae
1882 1793 2034 1832 Sophoclis
2052 1805 2120 1824 auc-

1226 1837 1281 1860 tor.
1323 1832 1384 1867 Qui
1406 1842 1496 1870 quum
1519 1832 1636 1870 legisset
1657 1832 1740 1867 illud,
1759 1833 1813 1870 τρὶς
1834 1833 1930 1861 Θέσπιν
1951 1835 1994 1862 καὶ
2012 1838 2121 1872 Χοιρίλον

1225 1872 1402 1908 ἀγωνιζόμενος,
1428 1872 1616 1910 ambiguitate
1640 1872 1774 1901 dictionis
1800 1872 1948 1912 deceptus,
1973 1874 2041 1903 inde
2065 1875 2120 1903 hoc

1225 1911 1330 1946 effecit,
1347 1911 1520 1950 Sophoclem
1601 1912 1644 1941 ’co
1663 1913 1818 1941 certamine
1836 1918 1970 1947 certasse,
1985 1917 2119 1951 συναγωνί-

1140 1952 1332 1993 ’01Εσασθαι,
1354 1962 1419 1980 011111
1441 1952 1589 1987 Choerilo;
1618 1952 1749 1991 Thespin
1769 1953 1876 1985 omisit,
1902 1963 1988 1991 quem
2012 1954 2121 1983 intelli-

282 1995 351 2019 ante
375 1989 547 2029 Sophoclem
569 1989 731 2028 tetralogia‚
751 1991 812 2019 sive
835 1991 983 2029 quaternis
1006 1991 1122 2026 fabulis,
1145 1992 1175 2020 in
1225 1997 1306 2030 geret
1319 2002 1378 2020 non
1392 1992 1521 2030 potuisse
1535 1997 1644 2021 certare
1659 2002 1724 2020 cum
1740 1992 1892 2031 Sophocle.
1927 1994 2052 2032 Legerat
2068 2005 2120 2023 au-

283 2040 368 2059 scena
385 2035 495 2059 certare
515 2029 642 2059 solerent
650 2041 660 2064 ;
683 2030 850 2069 Sophocles,
865 2041 945 2059 more
962 2031 1018 2060 hoc
1033 2032 1175 2070 neglecto,

283 2070 404 2109 singulis
417 2070 595 2099 dramatibus
608 2075 718 2099 certare
730 2070 868 2099 instituit.
898 2070 935 2099 Id
948 2071 1054 2100 Suidas
1067 2071 1176 2110 signifi-

283 2120 348 2139 care
361 2109 464 2142 voluit,
476 2120 542 2138 cum
556 2110 606 2143 ait,
618 2108 676 2147 ἦρξε
689 2114 731 2138 τοῦ
745 2111 894 2148 δρᾶμα-πρὸς
907 2113 989 2148 δρᾶμα
1002 2113 1175 2148 ἆνγωνίζεσθαι,

283 2152 355 2178 ἀλλὰ
373 2150 407 2185 μὴ
426 2152 597 2188 τετραλογίαν.
639 2149 777 2188 Tragicos
790 2155 887 2179 autem
902 2155 1027 2188 quatuor
1040 2151 1176 2180 dramati.

283 2190 348 2224 bus,
369 2199 434 2227 quoe
454 2189 605 2227 teir-alogia
626 2188 806 2224 dicebantur,
830 2190 900 2218 olim
921 2195 1053 2225 certasse,
1072 2196 1178 2230 praeter

284 2229 356 2258 alios
373 2229 449 2258 clare
462 2234 587 2258 testatur
599 2229 736 2258 Inertius
749 2229 779 2258 in
794 2229 934 2258 Platone:
955 2234 1055 2258 Ἐκεῖνοι
1072 2232 1178 2269 τέτρασι

284 2271 407 2307 δράμασιν
419 2270 567 2306 ἠγωνίζοντο,
581 2267 611 2297 ἕν
623 2270 652 2297 τὸ
665 2270 782 2306 τέταρτον
794 2267 823 2304 ἦν
835 2270 972 2307 Σατυρικόν.
1013 2272 1054 2298 Τὰ
1073 2271 1100 2299 δὲ
1117 2271 1177 2299 τέτ-

747 2311 782 2337 ία.
825 2309 885 2338 Sed
905 2309 941 2338 de
961 2310 1114 2349 tetralogia
1127 2321 1177 2339 ve-

283 2322 351 2347 ταρα
364 2311 482 2347 δράματα
495 2312 608 2337 ἐκαλεῖτο
623 2314 747 2346 τετραλογ

284 2355 381 2379 terum
400 2349 575 2388 tragicorum
596 2348 680 2388 plura
694 2349 760 2378 vide
780 2349 858 2388 apud
878 2349 1014 2378 Jonsium
1032 2350 1096 2379 loeo
1114 2350 1177 2379 lau-

285 2390 372 2424 dato;
393 2389 522 2427 itemque
544 2388 708 2418 Meursium
733 2389 763 2417 in
789 2389 932 2428 Sophocle
954 2390 1008 2419 sub
1029 2390 1125 2425 finem,
1147 2395 1177 2419 et
1191 2401 1214 2429 F

285 2429 449 2458 Stanleium
472 2428 510 2457 ad
530 2428 701 2467 Catalogum
722 2428 884 2457 dramatum
903 2429 1042 2469 AEschyli,
1063 2441 1092 2469 p.
1109 2438 1176 2469 709.

323 2509 363 2538 ib.
377 2511 548 2546 τετραλογίαν.
578 2507 718 2546 Ῥκγραψεῇ
734 2513 965 2547 στρατολογεῒσθοιι.
1001 2512 1051 2539 Καὶ
1069 2510 1178 2549 ἔγραψεν

283 2548 364 2578 AV.
385 2549 538 2586 στρατολοΥ.
551 2549 594 2577 καὶ
607 2548 629 2576 ἕ.
644 2549 681 2577 Ε.
709 2552 898 2587 στρατολογίαν.
927 2551 977 2578 Καὶ
990 2549 1011 2578 ἔ.
1027 2551 1063 2579 Β.
1087 2563 1177 2589 τετρα-

283 2590 413 2626 λογεῑσθαι
426 2588 551 2617 Noekius
565 2588 602 2617 de
616 2589 745 2617 Choerilo
758 2599 788 2628 p.
803 2599 831 2626 9.

275 2625 279 2627 ¹
323 2627 334 2651 l
348 2630 475 2666 Παῶας]
493 2629 605 2658 Paeanis
618 2629 649 2657 in
658 2629 856 2668 AEsculapium
870 2630 1003 2659 meminit
1018 2631 1177 2660 Philostra-

283 2674 333 2698 tus
345 2668 396 2698 lib.
408 2668 471 2698 111.
485 2668 522 2697 de
536 2668 600 2698 Vit.
614 2668 715 2708 Apoll.
731 2679 756 2698 c.
773 2679 800 2707 5.
814 2680 843 2708 p.
857 2679 922 2706 ¹²3·
945 2670 1068 2699 KUST.

1226 2037 1285 2060 tem
1310 2031 1385 2060 illud
1407 2042 1466 2060 non
1490 2032 1568 2071 apud
1593 2032 1723 2066 Suidam,
1748 2032 1799 2061 sed
1826 2033 1904 2070 apud
1927 2034 2119 2072 antiquiorem

1226 2077 1382 2106 auctorem,
1397 2081 1434 2100 ex
1448 2082 1506 2109 quo
1519 2072 1606 2101 habet
1620 2072 1734 2100 Suidas.
1756 2072 1788 2100 Ν
1789 2072 1941 2101 AEKIUS.

1268 2118 1283 2133 ¹¹
1298 2111 1479 2148 ἀγωνιζόμενος]
1494 2113 1664 2148 ἀγωνιζόμενον
1674 2112 1713 2140 V.

1258 2158 1282 2173 '⁰
1294 2154 1390 2188 Ἰοφόν,
1407 2152 1556 2188 Λεωσθένης]
1571 2155 1656 2190 Ἰοφῶν
1669 2162 1725 2180 0111.
1735 2152 1773 2180 A.
1789 2152 1840 2190 qui
1853 2157 1917 2181 tum
1931 2154 2069 2189 Λεοσθένης.

1267 2198 1284 2221 P
1297 2194 1358 2219 ἐτῢν
1377 2191 1540 2228 ἐννενήκοντα]
1563 2191 1613 2220 Sic
1634 2191 1766 2230 rescripsi
1787 2193 1959 2222 auctoritate
1978 2199 2119 2223 mstorum

1228 2231 1319 2260 Paris.
1354 2230 1435 2259 Ante
1451 2231 1528 2259 enim
1548 2231 1708 2269 legebatur,
1722 2235 1783 2260 ἐτῦν
1797 2233 1836 2263 ς-ἐ
1859 2242 1944 2270 quam
1965 2233 2119 2263 lectionem

1227 2270 1353 2299 Wolfius
1373 2275 1404 2299 et
1426 2271 1533 2299 Portus
1553 2271 1655 2305 secuti,
1677 2271 1779 2299 10011111·
1796 2272 1874 2300 1111110
1894 2273 1935 2301 sic
1955 2278 2118 2302 verterant:

1229 2310 1307 2339 Obiit
1321 2321 1397 2339 anno
1411 2315 1489 2339 sexto
1498 2315 1564 2349 post
1579 2311 1733 2349 Euripidis
1746 2315 1860 2340 mortem
1871 2323 1881 2340 .-
1904 2313 2022 2341 0111111110
2035 2314 2119 2343 male.

1227 2350 1396 2389 Significare
1416 2351 1463 2379 hic
1484 2351 1561 2379 enim
1585 2351 1690 2379 Suidas
1710 2351 1813 2385 voluit,
1836 2351 2009 2390 Sophoclem
2030 2364 2120 2382 nona-

1226 2390 1376 2428 genarium
1387 2390 1557 2419 decessisse:
1573 2391 1651 2428 quod
1665 2401 1798 2430 expresse
1813 2391 1900 2420 etiam
1911 2397 2035 2421 testatur
2046 2394 2119 2422 Dio-

1227 2430 1315 2459 dorus
1343 2430 1469 2465 Siculus,
1498 2430 1580 2468 cujus
1606 2431 1693 2460 verba
1726 2431 1814 2470 paulo
1841 2436 1909 2460 ante
1936 2432 2119 2463 adduximus.

1204 2483 1207 2485 *
1229 2470 1351 2499 KUST.

1267 2517 1283 2540 q
1297 2509 1407 2543 Ἐδίδαξε
1427 2511 1451 2539 δὲ
1473 2513 1590 2549 δράματα
1609 2510 1676 2549 ρκγ]
1702 2512 1749 2540 De
1767 2512 1873 2541 fabulis
1888 2512 2040 2552 Sophoclis
2053 2514 2120 2543 vide

1228 2550 1350 2579 Casaub.
1365 2551 1402 2579 ad
1415 2550 1525 2579 Athen.
1545 2551 1595 2580 lib.
1606 2551 1679 2580 VII.
1698 2562 1722 2580 0.
1737 2561 1765 2587 4.
1784 2552 1970 2581 Maussacum
1990 2553 2026 2582 ad
2041 2554 2120 2582 Har.

1227 2596 1336 2629 pocrat.
1358 2601 1386 2619 v.
1411 2592 1467 2619 Ἐπὶ
1489 2594 1644 2629 Πρυτανείφε
1669 2592 1800 2620 Petitum
1818 2592 1850 2620 in
1869 2592 2062 2622 Commentar.
2084 2594 2121 2622 ad

1227 2631 1298 2669 Leg.
1314 2630 1379 2659 Att.
1397 2641 1426 2669 p.
1444 2639 1489 2668 71.
1509 2636 1539 2660 et
1563 2631 1708 2670 praecipue
1731 2632 1895 2660 Mem-sium
1917 2633 1948 2660 in
1966 2632 2066 2662 libello
2084 2633 2121 2662 de

1227 2671 1316 2699 trium
1338 2671 1527 2709 Tragicorum
1544 2671 1659 2700 fabulis.
1682 2671 1805 2700 KUST.
1846 2672 1912 2700 vid.
1928 2673 2050 2701 Boeekii
2068 2674 2120 2702 Gr.

325 2715 352 2731 m
365 2709 447 2746 λόγον]
470 2709 587 2738 Priores
607 2708 690 2737 editt.
705 2708 755 2746 [et
772 2709 905 2747 B.V.E.]
925 2710 1046 2744 addunt,
1065 2717 1176 2739 καταλο-
1228 2710 1314 2749 Trag.
1329 2710 1419 2749 princ.
1430 2721 1464 2778 lp.
1478 2720 1488 2739 1
1497 2720 1541 2739 10.
1556 2711 1606 2749 qui
1619 2711 1701 2740 malit
1714 2713 1770 2749 ριγ’,
1784 2712 1924 2750 probante
1938 2712 2077 2742 Clintono
2090 2714 2121 2742 in

283 2751 378 2787 γάὸηνι
401 2748 453 2777 sed
465 2748 549 2778 male.
583 2748 653 2777 Vox
666 2749 743 2777 enim
758 2749 814 2778 ista
831 2754 876 2778 est
890 2760 1110 2789 supervacanea,
1124 2761 1178 2780 nec
1189 2738 1216 2765 G
1228 2750 1328 2779 Musei
1342 2750 1429 2779 Philo

284 2788 414 2828 agnoscit
427 2798 490 2817 eam
504 2799 557 2817 1118.
571 2788 610 2817 A.
633 2789 756 2817 KUST.

324 2829 363 2857 ib.
377 2829 448 2865 λόγον
460 2829 512 2865 περὶ
526 2832 568 2856 τοῦ
580 2832 657 2866 χοροῦ,
671 2829 725 2866 τρὶς
737 2829 840 2868 Cinna]
861 2830 957 2859 Locus
977 2830 1025 2859 hic
1044 2831 1116 2859 mihi
1133 2836 1177 2860 est

284 2869 432 2902 obscurus,
454 2868 501 2897 vel
522 2868 620 2907 potius
641 2873 800 2907 suspectus.
841 2869 996 2905 Quomodo
1020 2871 1097 2899 enim
1123 2871 1177 2900 So-

303 2908 402 2937 hocles
427 2913 537 2937 certare
564 2908 694 2947 potuerit
718 2919 784 2937 cum
806 2909 962 2948 Thespide,
985 2915 1015 2939 et
1037 2910 1176 2945 Choerilo‚

303 2948 475 2977 Atheniensi
502 2948 654 2986 nimirum)
680 2948 731 2986 qui
758 2948 809 2977 diu
836 2955 904 2978 ante
927 2959 994 2978 eum
1017 2950 1175 2979 vixerunt?

286 2988 384 3024 Quare
397 2988 495 3017 videat
508 2988 607 3017 lector.
637 2988 673 3016 In
686 2998 738 3017 ms.
750 2987 789 3016 A.
803 2988 844 3017 sic
857 2988 963 3027 legitur
978 2994 1009 3018 et
1022 2989 1176 3028 distingui-

285 3033 344 3063 tur,
357 3029 412 3065 τρὶς
423 3029 527 3057 Θέσπιν.
555 3029 605 3056 Καὶ
618 3030 724 3065 :Kapan
736 3028 913 3065 ἀγωνιζόμενος.
943 3029 1002 3058 Sed
1015 3029 1086 3066 quid
1099 3030 1175 3058 hoc?

287 3067 410 3097 KUST.
451 3068 518 3107 Ego
537 3068 633 3097 locum
654 3068 695 3097 sic
718 3068 940 3107 interpretarer:
963 3073 989 3097 et
1010 3069 1178 3098 declamavit

284 3108 424 3146 prosaice,
441 3108 565 3137 Chorum
579 3108 619 3137 ad
637 3108 790 3147 Thespidis
806 3113 833 3137 et
849 3108 967 3137 Claoer-ili
970 3108 1098 3147 fabulas
1111 3119 1177 3138 con-
1187 3122 1216 3151 Η

287 3147 438 3176 cedendum
458 3152 572 3177 sirenue
592 3148 804 3187 impetraturus.
847 3148 1048 3187 Undecunque
1072 3149 1177 3178 Suidas

286 3186 361 3215 hanc
382 3188 574 3217 narrationem
595 3187 787 3227 descripserit,
808 3188 966 3217 certissime
988 3188 1051 3217 vult
1072 3189 1176 3223 dicere,

288 3226 460 3265 Sophoclem
479 3233 584 3266 praeter
601 3231 735 3267 po'e'mata
751 3228 838 3257 etiam
852 3229 980 3267 prosaice
994 3228 1176 3263 declamasse,

288 3265 358 3294 dum
376 3266 451 3304 petit
464 3266 592 3296 Chorum
607 3273 642 3297 ut
657 3268 754 3306 aliqua
767 3267 923 3307 Thespidis
939 3274 969 3297 et
984 3269 1105 3297 Choerili
1118 3274 1178 3297 tra-

286 3305 383 3344 goedia
399 3306 436 3334 ab
453 3306 565 3345 integro
578 3307 772 3336 exhiberetur.
794 3308 1040 3337 THEOBALD.
1058 3309 1089 3337 111
1107 3309 1177 3337 Obs.

288 3346 374 3374 Misc-
390 3345 414 3373 I.
437 3355 466 3384 p.
482 3353 550 3383 315.
591 3347 688 3376 Nemo
707 3349 873 3384 ἀγωνίζεσθαι
893 3349 945 3386 περὶ
966 3349 1028 3381 τινὸς
1047 3349 1101 3385 πρός
1122 3360 1179 3376 τινα

1480 2751 1516 2779 ’01
1530 2756 1552 2779 t.
1568 2751 1592 2779 1.
1630 2772 1637 2779 .
1694 2773 1701 2779 .

1269 2797 1281 2812 Ι·
1294 2791 1375 2823 Νίκας
1387 2790 1412 2819 δὲ
1427 2761 1506 2825 ἔξέιβε
1518 2792 1569 2828 κδ’]
1586 2760 1734 2820 Dli’otidrus
1748 2791 1865 2820 Siculus
1878 2791 1928 2821 lib.
1943 2792 2035 2821 XIII.
2053 2803 2120 2822 eum

1228 2830 1323 2859 decies
1335 2830 1426 2859 octies
1438 2836 1553 2860 tantum
1568 2831 1669 2860 vicisse
1681 2832 1779 2860 refert.
1814 2831 1869 2860 Ait
1887 2833 1982 2861 enim:
2003 2835 2119 2861 Ἐτελεύ-

1227 2883 1290 2905 τησε
1309 2873 1433 2909 Σοφοκλῆς
1452 2872 1565 2909 Σοφίλου,
1583 2872 1682 2906 ποιητὴς
1700 2873 1845 2909 τραγῳδῶν,
1863 2871 1907 2907 ἔτη
1923 2874 2018 2907 βιώσας
2030 2874 2121 2907 ἐννενή-

1227 2923 1309 2944 κοντα,
1324 2912 1389 2943 νίκας
1402 2913 1422 2939 δ’
1436 2910 1498 2947 ἔχων
1507 2913 1682 2940 bnamma.
1705 2911 1879 2950 Anonymus
1892 2917 1989 2941 autem
2001 2913 2030 2940 in
2042 2913 2118 2946 Vita,

1227 2960 1294 2979 eum
1309 2951 1396 2979 vicies
1409 2951 1511 2979 vicisse
1524 2951 1622 2980 tradit.
1646 2951 1768 2980 KUST.

1267 2994 1459 3024 ΣΟΦΟΚΛΗΣ,
1480 2994 1692 3025 ἈΡΙΣΤΩΝΟΣ,
1706 2991 1795 3027 πανὸς]
1811 2991 1881 3020 Vid.
1895 2991 2025 3020 Clintoni
2041 2991 2119 3021 Fast.

1229 3029 1346 3058 Hellen.
1361 3040 1386 3058 a.
1401 3031 1469 3067 396.

1268 3075 1280 3090 ὅ
1293 3073 1336 3097 τοῦ
1349 3070 1457 3107 προτέρου
1469 3080 1527 3098 0111.
1536 3070 1575 3098 V.
1609 3074 1651 3098 τοῦ
1664 3075 1732 3099 ante
1745 3071 1906 3108 πρεσβυτέρου
1918 3081 1974 3098 om.
1990 3070 2066 3099 A.V.

1268 3111 1279 3130 t
1292 3112 1313 3136 ol
1333 3110 1360 3137 δέ
1379 3114 1458 3147 φασιν
1475 3110 1523 3146 ια’]
1548 3110 1694 3138 Boeckius
1715 3110 1801 3148 Trag.
1821 3110 1873 3138 Gr.
1896 3110 1992 3139 Princ.
2007 3121 2035 3150 p.
2055 3111 2119 3140 116.

1228 3148 1339 3177 mavult
1352 3151 1390 3176 m‘
1404 3159 1458 3187 pro
1471 3151 1516 3183 ια’,
1531 3154 1561 3177 et
1575 3159 1643 3177 mox
1657 3150 1692 3183 ιβ’
1704 3159 1758 3188 pro
1771 3151 1802 3185 ζ’.
1831 3150 1940 3179 Contra
1953 3160 2039 3188 quo-
2053 3151 2120 3180 vide

1228 3188 1424 3227 disputantem
1445 3188 1615 3217 Clintonum
1636 3189 1670 3217 F.
1686 3189 1728 3217 H.
1750 3199 1778 3228 p.
1794 3199 1883 3218 xxxv.
1906 3190 1957 3228 qui
1978 3200 2055 3229 seqq.
2078 3192 2120 3220 ita

1227 3228 1399 3267 transponit,
1414 3227 1508 3261 &maes
1525 3229 1551 3257 δὲ
1569 3231 1688 3267 δράματα
1699 3230 1736 3265 μ’,
1751 3230 1818 3262 νίκας
1830 3229 1855 3258 δὲ
1869 3229 1976 3266 εἶλενζ,
1990 3233 2012 3258 οἱ
2024 3232 2052 3260 δέ
2063 3236 2118 3270 φα-

1228 3281 1268 3296 0·ss
1282 3281 1309 3296 1oe
1318 3290 1324 3296 ι

1269 3314 1285 3330 ¹¹
1300 3309 1440 3345 Ἐλεγείοις]
1464 3308 1577 3337 Harum
1597 3309 1791 3338 meminerunt
1805 3309 1996 3348 Hephaestion
2010 3310 2041 3338 in
2056 3311 2119 3339 En-

1228 3348 1359 3382 chiridio,
1374 3353 1404 3377 et
1419 3348 1613 3388 Harpocratio
1626 3359 1653 3377 v.
1666 3350 1742 3387 Ἀρχὴ
1756 3349 1831 3387 ἄνδρα
1845 3351 1914 3378 &lom
1937 3350 2059 3379 KUST.

1314 3397 1348 3426 19
1363 3388 1379 3416 1
1503 3403 1506 3407 «
