2508 4048
263 307 365 346 1953
648 292 691 332 K
727 291 770 331 A

1600 291 1642 330 K
1679 291 1722 331 A
2008 308 2113 347 1954

257 386 347 424 '‘reol
371 387 471 434 φίλοι·
496 384 582 421 ἀλλὰ
606 382 725 426 κακίαν,
750 381 802 418 καὶ
825 381 1005 423 ἀκολασίαν,
1029 381 1082 418 καὶ
1104 382 1197 423 τὰςΑ
1262 381 1374 416 ΚΑκοὶ
1393 382 1454 416 niz
1483 381 1654 417 nonaria
1680 382 1814 418 ninom
1841 385 1907 420 'nin
1935 387 2110 424 omixAuN:

256 437 359 478 ἄλλας
372 432 556 483 παρανομίας
574 431 626 495 ἷκε
643 434 731 493 ἡμῶν,
741 430 937 473 αὐτεξουσίως
953 432 1159 479 τολμωμένας.

261 490 375 534 Ἤμεῖς
389 484 450 532 ’γὰρ
462 483 570 519 τούτων
583 498 686 524 αιτιοι,
700 498 758 529 ονχ
770 483 784 517 ὅ
801 480 944 517 τάναντία
960 483 1161 527 νομοθετήσας

296 535 307 549 Ι

257 541 329 576 θεας.

306 584 430 620 Κοκόκ
449 582 637 618 munim-m
650 594 659 618 Ξ
687 579 764 618 Ἐπὶ
781 579 944 629 μεγίστων.
983 578 1145 624 1Πισῗδης·

376 643 428 670 Καὶ
440 643 532 674 πάντες
545 641 623 679 ὥσπερ
637 644 663 669 ἐν
676 644 756 670 κακόν
769 641 908 677 πανηγύρει,

375 682 452 715 ἄλλος
463 684 524 711 κατ’
536 681 618 716 ἄλλην
631 683 760 720 συμφορὰν
773 683 912 716 ε’δνστύχει.

1214 429 1290 466 *Επὶ
1306 435 1362 465 τῶν
1378 430 1459 465 κατὰ
1476 430 1563 471 ἀξίαν
1578 432 1808 479 τιμωρουμένων.

1262 480 1441 515 Rani-uum
1476 478 1541 515 ‘ron
1576 482 1714 517 namin:
1759 482 1922 525 Τουτέστι,
1953 483 2003 518 τὸν
2035 487 2113 527 ἄξιον

1212 527 1325 578 ὕβρεως
1343 528 1489 576 ὖβρίζειν.

1260 580 1478 614 ΚΑΚΧΕὓΣΑῙε
1506 583 1720 623 Καταβαλεῒν.

1261 630 1382 665 ΚΑΛΛε
1409 629 1460 664 Τὰ
1477 628 1564 671 ξύλα.

1262 678 1461 714 KAAAsPiA:
1505 682 1612 722 Νῆσος
1643 679 1772 723 πλησίον
1803 684 1969 729 Τροιζῆνος.
2017 685 2114 719 *Εκα-

307 731 514 767 ΚΑκόΣΕαΣ;
541 729 640 774 Δίκης
663 728 746 765 ἐστὶν
762 728 862 776 ὄνομα,
878 733 949 768 ταῖς
973 744 1008 764 τε
1035 727 1159 771 ε’πικλῆ-
1211 733 1294 764 λεῒτο
1313 729 1343 764 δὲ
1360 727 1498 776 πρότερον
1516 728 1637 776 Εἰρήνη.

253 798 313 830 ροις
338 781 420 818 κατὰ
444 786 500 816 τῶν
527 779 754 828 γεγαμηκότων,
782 777 834 815 καὶ
858 778 940 815 κατὰ
963 783 1018 813 τῶν
1045 777 1197 813 παίδωνΒ
1261 778 1467 814 ΚΛΛᾸΒΡοψε
1504 779 1669 822 Βουκολικὴ
1701 780 1825 827 ῥάβδος,
1855 781 2009 828 βαρυτέρα
2039 780 2115 818 aima

530 829 540 842 Χ

253 836 317 872 τοῖς
341 835 472 879 γονεῦσι,
489 847 540 866 και
563 830 645 866 κατὰ
665 834 720 865 τῶν
738 828 897 878 ἐπιτρόπων
922 833 985 868 τοῖς
1009 827 1079 876 ὑπὲρ
1104 832 1160 863 τῶν

255 882 395 930 ὅρφανῶν.
439 879 527 916 Oine,
558 879 797 927 ιηΔημοσθένης,
831 877 882 914 καὶ
916 877 1072 919 ι’Λιισιόις,
1108 876 1159 912 καὶ

255 931 430 979 Ὑπερίδης.

305 982 424 1018 Κοκᾶε
455 980 614 1017 ahda-es:
642 978 720 1016 Ἁντὶ
747 983 800 1015 τοῦ
829 979 1009 1026 ὦγνοοῦντες.
1056 980 1157 1012 ΟἾσο-

255 1032 368 1080 κράτης
385 1031 414 1067 ἓν
429 1035 471 1080 τῷ
485 1029 552 1079 περὶ
570 1031 730 1078 ΡΕΐρῆνης.

305 1081 493 1116 ΚᾸΚΤΑΝΕΞ
521 1078 770 1126 Καταφόνευσον.

305 1131 440 1166 ΚΑιςοῖΣ
458 1130 668 1166 ἑΠιΣαΡΕ-’ἱακ
687 1129 799 1165 ιιΑκᾹῑ

296 1196 392 1235 ῑῩὮχος
410 1201 422 1227 ὅ
444 1198 539 1235 Πέρσης
554 1197 676 1235 Αἴγυπτον
688 1198 887 1235 ἠνδραποδίσατο,
902 1196 945 1223 καὶ
958 1194 1087 1222 ἀπέκτεινε
1103 1194 1160 1221 Ι’τὸν

249 1238 334 1272 ’Ἃπιη
348 1241 391 1268 καὶ
406 1239 548 1274 5κατέκοψε
562 1239 606 1273 τὴν
619 1238 732 1276 Μέμφιν,
749 1241 831 1269 κακοῖς
845 1238 990 1274 ἐπισωρεύειν
1004 1237 1082 1263 κακά.

297 1374 314 1397 k
331 1377 383 1403 τισὶ
395 1375 480 1414 φίλον]
496 1376 568 1414 φίλον
582 1386 636 1402 τισι
646 1374 719 1402 A-V.

296 1415 306 1438 l
320 1416 439 1453 Πισίδης]
456 1416 503 1444 Fr.
517 1414 639 1454 Foggin.
654 1424 720 1452 109.

298 1460 480 1484 ΚΑΚΩΣΕΩΣ
493 1468 499 1484 ;
524 1456 610 1492 Δίκης]
635 1455 679 1483 Ex
701 1453 939 1493 Harpocratione.
977 1452 1049 1480 Vide
1074 1451 1159 1480 etiam

256 1496 380 1526 Petitum
396 1497 432 1525 de
441 1488 608 1535 Leg.⁹Attic.
623 1506 651 1534 p.
666 1495 731 1532 163.
745 1495 809 1531 164.
820 1502 890 1531 445.
900 1494 1016 1522 KUST.
1040 1491 1160 1521 Herald.

257 1537 319 1567 adv.
333 1537 452 1566 Salmas.
462 1537 518 1565 111.
532 1545 577 1573 ¹4·
592 1535 647 1564 vid.
662 1542 692 1564 et
705 1547 734 1575 p.
745 1543 813 1572 257.
829 1535 930 1563 etVII.
946 1543 993 1571 23.

298 1578 367 1607 ibid.
381 1577 448 1606 Vid.
458 1577 523 1605 infr.
539 1578 634 1605 Κύδων.
649 1577 808 1605 REINES.

302 1625 327 1641 m
343 1618 512 1655 Δημοσθένης]
530 1618 583 1655 Pp.
599 1625 667 1653 732,
685 1626 732 1645 20.
752 1625 896 1652 1332‚13.

299 1665 316 1680 ¹¹
332 1658 439 1694 Λυσίας]
455 1658 488 1686 P.
503 1658 568 1694 138,
585 1666 633 1694 3²·
649 1657 693 1685 ed.
709 1656 808 1695 Steph.

299 1702 413 1727 ΚΑΚΩΣ
434 1701 597 1726 ΕΙΔΟΤΕΣε
621 1698 689 1725 'Ani
710 1700 752 1724 τοῦ
772 1697 846 1733 aym]
865 1696 909 1724 Ex
924 1693 1162 1733 Harpocratione.

299 1786 315 1802 ⁰
327 1779 483 1817 Ἰσοκράτης]
501 1779 533 1807 Ρ.
547 1778 601 1816 165
613 1778 647 1806 C.
666 1777 725 1814 (ed.
740 1777 854 1815 steph.)
893 1776 951 1805 Sed
970 1775 1056 1804 etiam
1074 1781 1161 1803 utun-

258 1827 306 1849 tur
325 1820 424 1849 eudem
445 1818 571 1848 dictione
591 1818 638 1847 alii
659 1818 753 1847 multi.
775 1817 847 1846 Plat.
862 1817 1015 1855 Euthythr.
1038 1826 1066 1854 p.
1078 1824 1118 1853 49
1127 1816 1162 1843 A.

259 1861 395 1900 Xenoph.
412 1861 477 1899 Cyr.
499 1860 531 1888 P.
547 1859 586 1888 11.
610 1869 638 1898 p.
652 1868 717 1896 142.
741 1859 872 1897 Theoph.
888 1857 992 1886 Simoc.
1009 1856 1061 1885 1V.
1076 1867 1102 1885 c.
1117 1865 1163 1893 ¹3·

259 1901 457 1931 ABRESCH.

299 1949 317 1972 P
330 1943 373 1976 τῆς
386 1941 486 1979 εἰρήνης]
502 1943 544 1975 τῆς
557 1950 615 1969 om.
632 1940 742 1969 ΑΒΕ.
756 1939 884 1973 Photius,
900 1938 1041 1977 Harpocr.

301 1982 473 2019 KAKTANE]
490 1981 526 2010 11.
540 1982 571 2018 ζ’.
586 1981 651 2017 164.

301 2021 418 2060 ῑιὨχος]
442 2022 491 2051 Sic
514 2021 544 2050 in
566 2022 677 2051 duobus
701 2031 769 2050 mss.
792 2020 881 2049 Paris.
902 2019 1038 2058 scriptum
1061 2018 1162 2057 reperi.

259 2063 371 2093 Priores
384 2073 451 2092 vero
465 2062 532 2092 edit.
549 2063 592 2100 [et
605 2062 691 2098 B.E.]
711 2061 805 2090 minus
824 2066 900 2090 recte
918 2060 1053 2089 exhibent
1071 2062 1163 2095 Ἰὂχος.

260 2105 334 2134 Vide
348 2114 379 2132 su
401 2114 432 2133 ra
444 2114 468 2132 v.
477 2103 586 2132 ”Au-aro.
602 2103 720 2131 KUST.

302 2152 314 2167 Ι·
327 2146 369 2173 τὸν
390 2145 465 2181 Απιν]
477 2144 544 2172 Vid.
559 2144 634 2172 infra
644 2153 669 2172 v.
678 2141 768 2179 *Oxosa
783 2142 892 2171 AElian.
903 2141 982 2170 Hist.
995 2142 1052 2169 An.
1065 2141 1103 2169 X.
1117 2140 1163 2168 28.

301 2191 313 2208 S
327 2185 491 2223 κατέσκαψε]
508 2185 632 2219 κατέκοψε
646 2184 801 2212 Α.Β.Ε.Μ.
823 2182 951 2211 Mutavit
964 2183 1031 2210 Bas.

302 2229 407 2253 KAKOI
420 2229 489 2253 ΤΗΣ
504 2228 682 2252 ΠΟΝΗΡῙΑΣ
701 2228 847 2252 ΠΙΝΟΤΣῙ
865 2227 939 2251 ΤΗΝ
956 2222 1104 2258 f0M1xA.]
1121 2221 1166 2249 Ex

262 2265 452 2304 Diogeniano.
467 2265 586 2293 KUST.
621 2264 657 2292 V.
674 2273 724 2302 99.

305 2305 494 2340 imm-uem]
511 2303 576 2332 Vid.
592 2303 665 2332 infra
680 2305 799 2338 καηλίς.

305 2344 509 2380 ΚΑΚΧΕΤΣΑΙ]
526 2344 616 2372 Deest
630 2354 654 2372 ν.
670 2346 703 2372 Α.

305 2389 490 2414 KAAABPIA:
517 2386 600 2418 Νῆσος
620 2385 721 2418 πλησίον
740 2385 833 2421 Τροιζ.]
860 2384 905 2411 Ex
929 2381 1166 2421 Harpocratione.

265 2426 382 2457 KUST.
419 2426 563 2461 Καλαυρεία
577 2424 747 2463 Harpocrat.
763 2422 892 2451 Photius.

304 2465 500 2502 KAAABPOW]
517 2464 654 2494 Photius:
679 2467 834 2502 Καλαῦροψῑ
858 2464 984 2498 βουκολικὴ
1006 2464 1067 2496 δίκη.
1103 2461 1169 2490 Vid.

265 2513 326 2537 not.
341 2507 375 2536 ad
390 2506 518 2544 Hesych.

305 2550 317 2570 θ
326 2547 508 2584 Φιλόστρατος]
522 2546 569 2574 De
577 2545 642 2573 Vita
651 2544 745 2584 Apoll.
758 2545 808 2573 lib.
819 2545 857 2573 11.
873 2554 899 2572 c.
910 2553 935 2581 5.
951 2554 980 2582 p.
990 2544 1040 2581 67.
1049 2543 1167 2576 KUST.

306 2595 323 2610 ὓ
337 2587 447 2624 Εὖθῦνει]
469 2588 570 2615 εὐθύνειν
578 2586 649 2614 V.E.
680 2586 847 2624 Φιλόστρατος
867 2585 1010 2613 collocant
1022 2583 1167 2613 A.B.V.E.

266 2635 332 2669 post
344 2629 493 2665 καλάβροπι.

306 2676 323 2692 1
335 2671 391 2707 ὁρᾷς
403 2668 489 2705 αὐτὸν]
505 2669 550 2705 §pq
566 2668 657 2695 σαντὶν
667 2667 740 2695 Β.Ε.

307 2713 397 2738 KAAA
416 2709 477 2745 ΔΗ]
495 2708 560 2736 Vid.
580 2707 662 2735 Plato
680 2706 709 2735 in
729 2706 853 2745 Euthyd.
877 2717 903 2745 p.
918 2715 986 2742 204.
1008 2711 1038 2734 et
1059 2711 1168 2734 notata.

267 2750 417 2780 HEMST.
429 2760 458 2788 p.
472 2758 528 2787 293
541 2748 581 2776 D.
597 2748 637 2776 Η.
649 2748 749 2786 Steph.
770 2747 838 2776 Vid.
851 2746 1003 2776 Heindorf.
1019 2757 1046 2784 p.
1060 2755 1127 2783 373.

307 2798 323 2821 y
337 2791 459 2826 Αἰσχύλος
472 2793 497 2818 ἐν
504 2789 617 2822 ποικίλοις
629 2789 755 2826 χρῶμασι]
770 2787 816 2817 Sic
829 2787 858 2816 in
873 2787 1006 2816 omnibus
1020 2786 1089 2815 edit.
1104 2787 1168 2815 abs-

1209 832 1249 878 τῇ
1265 832 1392 879 κεφαλῇ
1407 827 1466 863 dnh
1483 832 1536 864 τοῦ
1553 830 1634 864 κάτω
1650 829 1758 877 ῥέπειν.
1802 831 2037 878 ι<Ῐ>ιλο’σ·ἰ’ροιτος·

1252 887 1369 914 11Εὐθιιίιει
1382 886 1412 914 τὸ
1426 888 1502 923 θηρίον
1515 887 1664 924 καλάβροπι,
1679 885 1707 921 ἢν
1722 889 1797 925 Χόρᾷς
1810 888 1883 916 αὐτὸν
1897 890 2060 924 ἐμβάλλοντα
2080 894 2115 926 τῷ

1210 927 1278 964 θηρίῳ
1292 930 1321 959 ὥς
1335 926 1453 964 ἄγκυραν.

1262 973 1362 1010 ΚᾉΛιῖ
1381 973 1426 1010 Διὶ
1445 975 1631 1011 muniz:
1660 976 1739 1011 ⁴Avrl
1756 980 1808 1012 τοῦ
1827 976 1939 1024 λέγεις.

1262 1025 1395 1060 ΚᾸΛΑῐΣ
1409 1039 1416 1060 :
1442 1026 1563 1072 ’Όνομα
1579 1025 1686 1074 κύριον.
1714 1025 1778 1062 Καὶ
1792 1026 1976 1062 ΚΑΛᾹῐΝοΝ
1991 1028 2114 1064 xvima.

1211 1081 1227 1104 y
1234 1074 1394 1122 Αἰσχύλος
1412 1075 1439 1110 ἔν
1455 1074 1602 1115 ποικίλοις
1618 1074 1774 1124 χρώμασι.

1263 1126 1485 1160 ΚΑΛΛΜᾹΤΑΗ
1503 1129 1610 1174 Τρυγᾷ
1622 1126 1664 1161 τὰ
1682 1126 1831 1175 Ζοῖνωτέρω
1842 1126 1920 1175 μέρη
1932 1132 1988 1163 τῶν
2001 1127 2115 1170 ἐλαιῶν,

1211 1174 1230 1218 ’ἢ
1247 1174 1411 1211 κατεσθίει.

1263 1224 1540 1261 ΚΑΛΑΜΕτοΜίΒΣ
1553 1239 1562 1260 ;
1589 1228 1668 1261 θ’Ἐν
1684 1227 1935 1275 Ἐπιγράμμασι·

1212 1373 1358 1403 Fabricius
1371 1374 1408 1402 B.
1421 1374 1459 1402 G.
1475 1373 1515 1402 11.
1529 1373 1574 1406 16,
1589 1383 1615 1402 2.
1637 1380 1667 1402 et.
1687 1376 1788 1403 ποικίλα
1807 1378 1933 1412 χρώματα
1953 1375 2047 1414 potius
2068 1376 2117 1404 tri-

1211 1414 1324 1443 buenda
1346 1420 1429 1453 putat
1442 1414 1582 1452 AEsehylo
1595 1414 1797 1449 Alexandrino,
1811 1415 1891 1452 cujus
1905 1416 2076 1455 Amphitruo
2090 1423 2119 1445 et

1212 1457 1361 1489 Μεσσηνικὰ
1381 1454 1426 1489 ἔπη
1446 1455 1482 1483 nb
1497 1455 1636 1483 Athenaeo
1651 1454 1817 1494 allegantur.
1859 1456 1961 1485 Liceat
1978 1456 2045 1485 mihi
2061 1457 2119 1487 dis-

1213 1495 1319 1524 sentire
1343 1505 1360 1524 a
1380 1494 1445 1523 viris
1470 1494 1678 1524 eruditissimis.
1710 1495 1800 1525 'Nihil
1827 1496 1932 1524 certius
1957 1494 2010 1530 est,
2033 1507 2117 1536 quam

1214 1536 1298 1564 verba
1310 1539 1336 1563 ἒν
1345 1537 1458 1567 ποικίλοις
1469 1537 1590 1568 κάλλεσι,
1602 1545 1665 1572 quae
1679 1536 1782 1564 Suidas
1796 1535 1825 1564 in
1836 1538 1926 1570 Κάλλη
1937 1536 2042 1571 laudat,
2057 1547 2119 1566 esse

1214 1575 1345 1614 AEschyli
1361 1574 1469 1614 tragici.
1502 1575 1664 1612 Stephanus
1680 1576 1708 1603 in
1725 1585 1777 1604 suo
1792 1576 1945 1614 exemplari
1961 1577 2055 1606 Suidae
2069 1578 2118 1606 ad-

1214 1621 1370 1649 notaverat,
1384 1616 1459 1653 apud
1473 1616 1667 1652 Etymologum
1681 1619 1721 1644 est
1736 1620 1809 1644 totus
1822 1626 1921 1645 versus.
1954 1617 2009 1646 Est
2029 1617 2068 1646 ibi
2089 1619 2119 1646 in

1215 1667 1240 1686 v.
1256 1658 1394 1684 Κάλλαιαε
1417 1656 1461 1684 καὶ
1474 1658 1606 1691 Αἰσχύλος,
1621 1659 1646 1684 ἒν
1659 1658 1772 1689 ποικίλοις
1784 1659 1833 1695 ’γὰρ
1848 1658 1930 1692 θνητὸν
1943 1656 2003 1685 ’ὄντα
2022 1661 2118 1687 κάλλε-

1214 1710 1263 1731 σιν,
1285 1702 1314 1725 et
1334 1706 1369 1725 ex
1389 1705 1425 1725 eo
1445 1696 1476 1724 in
1491 1696 1670 1735 Fragmentis
1685 1697 1815 1736 AEschyli
1837 1708 1865 1736 p.
1878 1698 1947 1735 649.
1968 1698 2013 1727 ed.
2029 1699 2119 1728 Stanl.

1215 1737 1270 1767 Sed
1293 1747 1352 1766 non
1373 1742 1434 1766 erat
1447 1746 1498 1765 cur
1511 1737 1566 1765 hoc
1585 1736 1659 1765 inter
1679 1737 1840 1776 fragmenta
1853 1745 1945 1777 poetae
1960 1739 2117 1772 referretur,

1214 1778 1291 1817 quod
1313 1777 1417 1817 legitur
1437 1777 1465 1806 in
1488 1777 1563 1806 illius
1583 1778 1686 1817 Agam.
1700 1788 1726 1807 v.
1741 1787 1778 1816 93
1783 1787 1810 1815 3.
1843 1779 2061 1818 Clytaemnestra
2081 1779 2119 1809 ibi

1215 1820 1461 1856 Agamemnonem
1473 1818 1509 1847 ab
1522 1817 1632 1846 excidio
1640 1819 1735 1857 Trojae
1744 1819 1882 1857 Mycenas
1896 1829 2037 1849 reversum
2052 1830 2117 1849 cum

1215 1859 1320 1888 summi
1334 1859 1427 1899 gaudii
1442 1858 1650 1897 significatione
1663 1858 1804 1898 excipiens
1825 1859 1940 1888 ancillas
1950 1861 2033 1899 jubet
2045 1860 2119 1889 viam

1215 1907 1340 1929 sternere
1363 1899 1512 1939 purpureis
1534 1899 1675 1938 stragulis,
1698 1909 1749 1938 per
1769 1910 1832 1939 quae
1847 1901 2047 1939 Agamemnon
2066 1902 2119 1930 do-

1175 1947 1294 1976 Emum
1318 1950 1397 1969 suam
1423 1939 1606 1979 ingrediatur.
1650 1941 1717 1969 Hoc
1742 1942 1941 1980 Agamemnon
1965 1941 2120 1980 prohibens

1215 1981 1285 2010 dicit
1305 1982 1443 2009 honorem
1465 1980 1546 2009 illum
1565 1980 1620 2009 diis
1641 1981 1746 2014 deberi,
1762 1991 1820 2010 non
1842 1981 2022 2011 hominibus:
2047 1986 2122 2016 Θεοιίς

1213 2035 1250 2051 τοι
1264 2024 1346 2051 τοῖσδε
1360 2025 1499 2059 τιμαλφεῖν
1512 2024 1596 2059 χρεών·
1618 2025 1661 2049 Ἐν
1673 2024 1787 2055 ποικίλοις
1801 2023 1827 2051 δὲ
1845 2023 1928 2057 θνητὸν
1940 2021 2000 2051 ’ὄντα
2012 2025 2121 2052 κάλλεσι

1215 2064 1319 2096 Bastar,
1342 2063 1394 2098 ἐμοὶ
1414 2062 1461 2099 μὲν
1474 2063 1582 2099 οὖδαμός
1598 2061 1656 2090 ἄνευ
1673 2062 1760 2099 φόβου.
1796 2062 1872 2093 Quid
1893 2062 1940 2092 hic
1961 2063 2018 2092 sint
2037 2066 2120 2099 κάλλη

1215 2103 1282 2132 satis
1304 2102 1472 2142 intelligitur
1492 2112 1526 2131 ex
1547 2111 1591 2136 ee,
1614 2103 1690 2141 quod
1705 2102 1922 2140 Clytaemnestra
1936 2113 1961 2132 v.
1977 2113 2047 2142 919.
2067 2114 2119 2132 an-

1215 2144 1294 2172 cillas
1314 2143 1399 2180 jubet
1418 2143 1627 2183 Agamemnoni
1653 2153 1751 2182 parare
1772 2144 1980 2182 πορφυρόστρωτον
2001 2144 2069 2182 πόρον
2089 2148 2122 2177 εἰς

1215 2187 1294 2221 δῶμα,
1309 2185 1442 2221 stragulis
1451 2185 1599 2221 purpureis
1611 2185 1684 2212 viam
1698 2186 1736 2212 ad
1749 2185 1859 2213 domum
1871 2189 2001 2213 sternere.
2036 2185 2077 2214 Et
2088 2195 2121 2214 ex

1216 2224 1372 2264 Hesychio,
1389 2224 1483 2258 Suida,
1500 2231 1530 2253 et
1543 2224 1727 2264 Etymologo‚
1743 2224 1790 2263 qui
1805 2227 1889 2260 κάλλη
1904 2232 2052 2264 exponunt
2064 2238 2121 2264 πορ-

1216 2269 1283 2303 φυρᾶ
1297 2267 1398 2301 ἱμάτια.
1442 2265 1522 2293 Loca
1540 2274 1639 2293 eorum
1654 2265 1780 2303 collegit,
1795 2272 1824 2294 et
1837 2265 1941 2304 partim
1961 2266 2123 2295 emendavit

1216 2306 1376 2334 Bochai-tus
1391 2306 1508 2334 Hieroz.
1523 2311 1596 2343 part.
1611 2306 1652 2333 11.
1667 2304 1717 2333 lib.
1726 2306 1763 2333 V.
1779 2315 1804 2334 c.
1818 2315 1862 2334 10.
1899 2306 1955 2334 Sed
1970 2306 2043 2345 fugit
2061 2305 2121 2343 ejus

1183 2337 1206 2365 F
1218 2345 1392 2385 diligentiam
1405 2345 1459 2374 hoc
1471 2344 1617 2383 Hesychii‚
1626 2346 1739 2378 Καλλαὶ,
1750 2347 1786 2373 τὰ
1797 2347 1889 2380 βαπτὰ
1899 2345 1957 2383 ἵρια.
1979 2346 2122 2376 Arnaldus

1218 2386 1312 2415 Lectt.
1328 2387 1380 2414 Gr.
1395 2386 1420 2414 Ι.
1442 2395 1468 2414 c.
1483 2395 1527 2413 11.
1548 2395 1600 2424 pro
1618 2384 1668 2422 ἵρια
1687 2390 1762 2413 recte
1776 2384 1874 2414 scribit
1887 2385 1948 2420 ἔρια,
1963 2392 1993 2415 et
2005 2386 2046 2415 ita
2059 2386 2120 2416 lau-

1219 2427 1333 2454 daverat
1357 2425 1509 2454 Salmasius
1531 2425 1567 2453 ad
1592 2424 1722 2453 Solinum
1744 2435 1772 2463 p.
1786 2425 1850 2462 167.
1873 2426 1918 2454 ed.
1935 2425 2013 2463 Traj.
2036 2437 2122 2465 quam

1219 2465 1411 2502 conjecturam
1432 2465 1612 2497 confirmant,
1628 2471 1657 2493 et
1676 2464 1760 2493 simul
1781 2464 1810 2493 in
1826 2466 1970 2504 Hesychio
1985 2477 2043 2495 non
2057 2473 2122 2496 καλ-

1220 2507 1273 2540 λαὶ,
1290 2516 1383 2545 neque
1401 2508 1527 2539 κάλλαια,
1542 2511 1574 2533 ut
1590 2504 1695 2534 ibidem
1715 2505 1878 2540 Salmasius,
1894 2507 1944 2535 sed
1957 2509 2040 2542 κάλλη
2054 2507 2122 2536 scri-

1219 2547 1345 2576 bendum
1366 2547 1523 2575 ostendunt
1542 2546 1602 2574 haec
1620 2546 1784 2585 Etymologi
1800 2546 1829 2575 in
1845 2549 1978 2580 Κάλαθοςε
2001 2550 2084 2583 κάλλη
2098 2549 2124 2577 δέ

1219 2590 1268 2616 εἶσι
1281 2589 1317 2615 τὰ
1330 2587 1484 2624 βεβαμμένα
1497 2585 1560 2624 ἔρια.
1588 2587 1629 2615 Et
1642 2585 1672 2615 in
1687 2589 1778 2621 Κοίλλη
1790 2599 1796 2615 :
1819 2589 1912 2622 κάλλη,
1924 2590 1960 2616 τὰ
1973 2588 2043 2624 ἄνθη,
2058 2588 2073 2624 ἢ
2087 2591 2123 2617 τὰ

1219 2632 1328 2666 πορφυρᾶ
1348 2629 1448 2664 ἱμάτια,
1463 2627 1477 2662 ἢ
1491 2629 1527 2655 τὰ
1540 2628 1632 2662 βαπτὰ
1645 2626 1707 2665 ἔρια.
1749 2628 1792 2656 Ex
1812 2628 1856 2656 his
1870 2630 1931 2667 jam
1946 2635 2026 2667 patet
2039 2630 2124 2658 verba

1221 2669 1314 2697 Suidae
1328 2671 1353 2696 ἐν
1365 2670 1479 2701 ποικίλοις
1496 2669 1614 2700 κάλλεσι,
1630 2677 1693 2706 quae
1708 2667 1737 2696 in
1751 2671 1834 2703 κάλλη
1847 2668 1988 2708 leguntur,
2003 2669 2123 2698 delenda

1221 2719 1279 2738 non
1300 2718 1370 2738 esse.
1407 2709 1463 2737 Sed
1484 2708 1551 2747 quid
1571 2707 1705 2737 faciemus
1726 2708 1791 2742 illis,
1806 2719 1868 2747 quae
1888 2708 1918 2738 in
1937 2712 2037 2743 Κάλαΐς
2052 2711 2122 2739 scri-

1220 2750 1335 2782 buntur,
1357 2752 1481 2785 Αἷσχῦλος
1501 2752 1525 2776 ἐν
1545 2751 1659 2782 ποικίλοις
1678 2751 1803 2787 χρώμασι,
1824 2760 1886 2788 quae
1904 2749 1952 2779 viri
1973 2750 2050 2780 docti
2071 2761 2122 2790 pro

1220 2790 1304 2819 titulo
1318 2789 1418 2828 scripti
1432 2789 1550 2828 alicujus
1566 2789 1744 2818 habuerunt?
1774 2789 1909 2828 Suspicor
1928 2793 2044 2828 χρώμασι
2062 2801 2123 2820 esse

268 2842 323 2871 que
343 2829 574 2869 interpunctione
595 2829 675 2858 locus
694 2828 739 2857 hic
760 2828 883 2868 legiturt
907 2828 983 2866 quod
1005 2833 1102 2855 tamen
1123 2837 1170 2856 me
1221 2830 1484 2869 interpretationem
1499 2830 1575 2858 vocis
1588 2832 1706 2864 κάλλεσι,
1718 2837 1749 2859 et
1763 2831 1889 2865 Suidam,
1905 2831 2031 2860 fortassis
2046 2832 2122 2870 quod

268 2872 408 2901 adducere
423 2880 480 2899 ¹¹0¹}
495 2876 599 2909 potest,
613 2876 647 2898 ut
660 2869 783 2902 credam,
796 2868 965 2907 AEscbylum
980 2868 1079 2896 drama
1092 2878 1170 2897 com·
1221 2871 1270 2900 illa
1287 2871 1362 2909 apud
1377 2870 1547 2909 AEschylum
1565 2871 1666 2899 ποικίλα
1683 2872 1766 2906 κάλλη
1780 2871 1899 2900 Callaini
1918 2871 2020 2901 coloris
2036 2872 2123 2901 fuisse

268 2912 404 2952 posuisse,
419 2913 518 2940 ποικιλα
535 2913 660 2948 χρώματα
679 2909 856 2948 inscriptum,
872 2908 1006 2948 quoniam
1023 2917 1109 2937 nemo
1124 2918 1170 2937 ve·
1220 2912 1348 2950 putabat,
1363 2910 1525 2950 scripsissez
1547 2913 1670 2947 Αἰσχύλος
1688 2914 1713 2939 ἐν
1725 2913 1838 2944 ποικίλοις
1855 2914 1972 2946 κάλλεσι,
1986 2915 2120 2950 χράμασι;

268 2960 373 2986 terum,
382 2958 520 2990 quantum
537 2950 662 2984 memini,
673 2953 732 2990 ejus
743 2950 919 2980 mentionem
931 2949 1007 2978 facit.
1029 2948 1170 2977 Existimo
1220 2952 1264 2981 vel
1285 2953 1400 2981 τουτέστι
1422 2954 1555 2990 χρόμασιε
1579 2951 1623 2979 vel
1644 2951 1688 2980 his
1706 2951 1776 2980 locis
1793 2952 1920 2991 quaedam
1939 2953 2056 2981 confuse
2073 2953 2122 2981 ad-

269 2994 363 3033 igitur,
377 2998 515 3031 punctum
536 2998 602 3030 post
614 2993 737 3028 Αἰσχύλος
749 3001 810 3020 esse
827 2990 1003 3029 ponendum,
1019 2995 1048 3018 et
1062 2989 1171 3028 reliqua
1222 2998 1328 3026 notata,
1350 2999 1379 3021 et
1399 3003 1462 3030 quae
1481 2992 1517 3020 ad
1538 2994 1620 3026 κάλλη
1641 2991 1830 3031 pertinebant,
1848 2993 1901 3021 sub
1921 2995 2011 3026 κάλαῖς
2032 2992 2124 3031 posita

270 3033 439 3067 inducenda,
454 3032 588 3071 quoniam
603 3031 674 3060 nihil
687 3032 722 3060 ad
737 3041 796 3060 rem
811 3031 928 3065 faciunt,
943 3037 982 3064 et,
994 3036 1026 3059 ut
1040 3036 1171 3058 sexcenta
1221 3032 1324 3062 fuisse:
1348 3033 1424 3071 quod
1445 3032 1529 3061 etiam
1552 3031 1617 3061 alibi
1636 3031 1679 3066 iis,
1694 3033 1743 3070 qui
1761 3033 1871 3061 lexicon
1892 3032 1985 3061 Suidae
2000 3033 2123 3073 college-

269 3074 324 3104 8Ῑὶΐὶ
338 3074 412 3113 apud
428 3073 554 3106 suidam,
570 3078 677 3102 temere
691 3072 780 3101 textui
793 3072 898 3100 inserta
911 3071 1049 3100 videntur·
1090 3071 1169 3099 Idem
1222 3080 1298 3108 runt,
1314 3084 1367 3102 usu
1384 3073 1469 3102 venit.
1511 3072 1659 3111 Quidquid
1679 3079 1731 3106 est,
1747 3072 1792 3101 vix
1813 3072 1912 3101 dubito
1933 3072 2002 3111 quin
2023 3073 2123 3103 Suidas

266 3114 452 3155 judicandum
474 3123 577 3142 censeo
597 3113 633 3142 de
653 3113 718 3142 loeo
739 3112 787 3152 qui
808 3112 893 3151 paulo
913 3118 979 3150 post
1001 3110 1127 3149 sequitur
1142 3113 1268 3144 v.1-1hic
1292 3124 1406 3152 quoque
1429 3112 1581 3151 respexerit
1604 3113 1639 3141 ad
1661 3123 1703 3146 ea,
1723 3123 1786 3150 quae
1811 3113 1914 3141 deinde
1934 3113 1964 3142 in
1985 3116 2068 3149 κάλλη
2089 3124 2123 3143 ex

270 3158 368 3190 Κάλλη,
384 3154 433 3183 ubi
447 3154 601 3192 AEschylus
622 3157 647 3182 ἐν
663 3155 776 3186 ποικίλοις
796 3155 904 3181 κάλλεσι
925 3152 1036 3180 citatur.
1051 3152 1169 3180 KUST.
1221 3154 1360 3192 AEschylo
1385 3154 1490 3182 laudat.
1512 3153 1668 3181 DUKER.
1693 3153 1780 3190 [teste
1802 3154 1936 3182 Piersono
1958 3154 1994 3183 ad
2014 3155 2122 3183 Moerin

272 3196 338 3224 Hoc
361 3205 418 3223 non
437 3195 544 3234 patitur
558 3195 729 3223 Lambertus
743 3194 802 3222 Bos
817 3194 846 3221 in
861 3192 1010 3222 Animadv.
1025 3193 1060 3221 ad
1075 3193 1169 3229 Scrip—
1220 3205 1249 3233 p.
1265 3196 1348 3231 210.]
1366 3194 1438 3222 Obs.
1451 3193 1536 3222 Misc.
1552 3194 1607 3221 111.
1624 3204 1650 3231 p.
1663 3203 1712 3230 9²·

272 3242 346 3265 tores
361 3236 476 3264 Graecos
490 3245 515 3264 c.
531 3245 582 3263 xx..
604 3241 634 3263 et
654 3244 712 3263 non
728 3234 896 3272 AEscbylum
917 3233 1065 3271 tragicum,
1082 3233 1170 3261 Athe·
1263 3235 1475 3270 KAAAMATAI]
1492 3233 1556 3261 Vid.
1573 3239 1633 3261 not.
1649 3233 1685 3261 ad
1702 3233 1825 3271 Hesych.

273 3277 410 3309 niensem,
430 3275 480 3304 sed
494 3275 662 3314 AEschylum
682 3275 915 3303 mathematicum
938 3284 955 3302 a
974 3274 1060 3302 Suida
1079 3272 1172 3310 desig·
1264 3281 1277 3296 z
1291 3274 1411 3311 ἀνωτέρω]
1429 3276 1538 3311 ἀνώτερα
1547 3274 1584 3302 V.
1611 3274 1672 3311 μέρη
1692 3283 1750 3302 om.
1762 3274 1871 3303 A.B.E.
1906 3275 1976 3304 Mox
1997 3279 2076 3305 ἐλαῶν
2090 3277 2122 3304 B.

274 3315 344 3349 nari,
353 3325 476 3354 eumque
491 3322 636 3344 auctorem
650 3315 714 3344 libri
727 3317 826 3343 ποικίλα
839 3317 963 3352 χρώματα
977 3314 1062 3343 fuisse
1075 3312 1172 3342 scribit
1224 3315 1258 3342 V.
1278 3314 1322 3350 (in
1336 3316 1428 3351 textu)
1445 3314 1480 3342 E.

275 3361 388 3384 auctore
399 3356 529 3385 Meursio
543 3355 572 3384 in
586 3355 767 3384 Bibliotheca
781 3356 889 3383 Graeca.
921 3355 966 3383 Ab
979 3360 1100 3391 utroque
1114 3351 1173 3382 abit
1263 3361 1278 3377 a
1291 3358 1333 3383 Ἐν
1346 3355 1551 3392 Ἐπιγράμμασι]
1569 3354 1686 3383 Autbol.
1702 3355 1760 3383 Pal.
1771 3356 1823 3383 VI.
1838 3356 1886 3392 36.
