2508 4048
284 386 391 426 3273
670 373 708 412 Σ
745 373 784 411 Ε

332 467 408 501 Ὀτι
426 469 563 512 Σεβῆρος
578 461 646 506 ἧκεν
663 462 707 502 εἷς
723 461 758 497 τό
776 463 944 505 Βυζάντιον.
991 465 1050 501 Ως
1066 462 1097 497 δὲ
1115 460 1178 498 εἶδε

283 530 352 554 τους
368 513 497 554 πολίτας
510 527 593 558 μετα
610 511 809 546 ἔλαιοκλάδων
822 509 1030 557 εὖφημουντας
1047 527 1097 546 και
1115 511 1177 547 δεο-

281 579 397 634 μειουςς
411 560 558 609 σωτηρίας
577 575 629 608 και
653 559 819 607 ἀπολογίας
837 560 1072 620 προσφέροντας,
1092 560 1177 604 ε’φει-

284 628 359 648 σατο
385 611 456 658 *μὲν
483 613 536 645 τοῦ
564 604 706 654 φονευειν,
735 609 922 656 “Περινθιόις
947 609 978 645 δὲ
1007 608 1059 644 καὶ
1093 607 1177 649 αυθις

283 661 421 702 ὖπεταξε,
436 657 488 694 καὶ
491 658 680 719 *παρέσχεν
696 657 797 698 αὗτοῖς
814 659 934 706 θεάτρου
950 674 1001 694 και
1014 665 1031 688 y
1036 674 1175 705 κυνηγιων

282 724 386 751 στοας,
402 723 453 743 και
468 723 504 743 το
521 707 707 756 ἱπτοδρὸμιον
723 707 944 756 ᾀκοδὸμησεν,’
932 707 1045 768 ικρίοις
1051 724 1101 743 και
1120 709 1174 754 ε’μ-

280 757 386 801 βολοις
407 757 664 803 διακοσμήσας,’
645 758 801 805 αγοράσας
811 758 974 818 οἰκήματα
995 773 1045 792 και
1066 758 1174 801 κήπους

279 806 343 843 ‹iro'
354 822 435 842 τινων
451 806 589 852 ἀδελφῶν
605 807 743 854 ὄρφανῶν·
769 822 820 842 και
845 823 887 842 τα
903 805 1110 867 ’περικείμενα
1132 811 1174 855 τῷ

242 863 244 865 ’
280 855 458 919 ἱπποδρομίᾳ)
483 854 630 900 διακόψας
652 856 761 918 δένδρη,
779 856 822 895 εἷς
838 871 874 891 το
898 859 943 890 νῦν
959 854 1097 917 ὁρώμενον
1113 856 1173 891 διε-

279 903 417 952 κόσμησε
444 909 566 952 σχῆμα,
593 904 736 948 συζεύξας
762 905 843 954 αὗτῷ
866 921 918 940 και
940 903 1060 953 λουτρον
1084 905 1113 940 ἐν
1132 909 1174 953 τῷ

279 955 345 1016 ἱερω
359 959 412 990 τοῦ
428 953 553 998 Διος,”
532 970 601 1001 οπερ
618 954 755 990 ε’καλεῖτο
773 942 967 996 ’Ζεύξιππον
986 954 1125 989 ἀνενέωσε
1143 955 1174 990 δὲ

279 1020 330 1040 και
357 1002 392 1040 τό
418 1003 596 1050 καλουμενον
617 1004 814 1052 Στρατήγιον.
868 1003 966 1039 Αλλα
990 1003 1098 1039 τούτων
1118 1004 1174 1050 μὲν

278 1054 413 1089 ἁπάντων
441 1057 578 1101 Σεβῆρος
601 1054 836 1115 προκατήρξατο·
874 1054 889 1088 ὅ
918 1053 949 1088 δὲ
979 1052 1082 1089 τούτου
1114 1052 1175 1093 υἷος

280 1106 441 1142 Ἀντωνῖνος
457 1101 730 1150 ἔτελεσιουργησεν.

327 1153 404 1187 Ὀτι
430 1155 567 1199 Σεβῆρος
592 1151 678 1187 ἐλθὸν
701 1150 749 1187 ἔτι
773 1152 827 1195 τὴν
849 1150 1129 1200 Ἀλεξάνδρειαν,
1096 1168 1175 1213 ευρεν

279 1200 482 1264 ἔπιγραφηνι)
487 1217 516 1236 εν
531 1205 572 1251 τῇ
588 1199 694 1262 πὸρτῃ,
710 1205 773 1237 Τοῦ
784 1201 899 1263 Κυρίου
912 1201 1055 1262 Νίγρου’
1038 1218 1057 1245 η
1073 1200 1173 1241 πόλις.

279 1254 343 1286 Και
367 1254 602 1298 αγανακτοῧντος
627 1250 718 1286 αὐτου
741 1249 811 1298 πρὸς
838 1267 936 1294 τουτο,
962 1250 1145 1294 ουνιήντησεν
1161 1252 1176 1286 o‘

302 1305 318 1313 v-

278 1316 334 1335 των
352 1300 559 1361 Ἀλεξανδρέων
577 1299 681 1346 δῆμος,
706 1301 827 1347 κράζων,
850 1300 1000 1345 Οἴδαμεν,
1018 1300 1176 1348 εἰρήκαμεν

278 1353 330 1385 τοῦ
348 1348 457 1397 Κυρίου
474 1347 621 1409 Νίγρου”
605 1366 624 1393 η
639 1348 738 1388 πόλις·
767 1365 806 1384 συ
831 1365 890 1398 γαρ
917 1366 942 1385 ει
966 1351 980 1385 ὅ
1002 1349 1100 1397 κῦριος
1125 1365 1176 1385 τον

278 1397 404 1461 Νίγρου.
455 1397 519 1434 Καὶ
545 1398 700 1445 δεξάμενος
724 1414 758 1434 το
784 1415 900 1446 ετοιμον
924 1403 980 1442 τῆς
999 1398 1175 1446 ἀπολογίας,

279 1447 482 1496 σννεχῶρησεν
498 1447 611 1488 αὗτοῖς.

328 1497 496 1540 ΣΕΒΒΡΟΣ,
515 1497 667 1542 σοφιστὴς
685 1500 844 1558 ΞΡωμαῒος.
887 1495 1008 1536 doum
1028 1497 1070 1537 εἶς
1090 1500 1176 1545 Αρα-

279 1546 382 1589 βίαν’
369 1563 403 1582 εκ
426 1551 482 1590 τῆς
507 1546 618 1593 Συρίας
642 1563 694 1582 και
718 1547 762 1586 εἷς
765 1547 838 1610 ’‘r-3721
858 1545 1071 1590 Παλαιστίνην
1092 1545 1174 1590 ἦλθε,

279 1612 331 1631 και
359 1596 404 1637 εἷς
428 1612 482 1639 την
506 1595 552 1631 A⁴'

279 1645 420 1687 ἔπλευσε,
447 1661 497 1680 και
525 1611 629 1681 εῖδε
617 1651 718 1681 πᾶσαν
743 1645 844 1688 αὐτὴν,
865 1645 944 1688 πλην
969 1645 1117 1706 βραχεων·
1144 1644 1175 1681 οὖ

278 1695 338 1756 γὰρ
355 1695 477 1739 ἠδυνήθη
492 1710 564 1742 προς
580 1711 621 1730 τα
643 1699 698 1738 τῆς
716 1692 870 1734 Αιθιοπίας
889 1693 1030 1741 ομεθόρια
1046 1694 1095 1730 δια
1113 1702 1176 1730 λοι-

277 1744 363 1791 μωδη
376 1743 457 1780 νόσον
474 1743 630 1786 ἐσβαλεῖν.
683 1742 747 1779 Ka.
762 1743 1048 1791 ε’πολυπραγμονησε
1065 1745 1175 1786 πάντα,

313 1878 384 1906 ὈΤΙ
405 1879 520 1916 Σεβῆρος]
536 1878 606 1907 vid.
629 1877 755 1906 Reimar-
770 1877 808 1906 ad
827 1877 916 1906 Dion.
931 1878 1012 1907 Cass.
1026 1877 1175 1907 LXXIV.

282 1927 327 1955 ¹4·

317 1961 329 1980 ἴ
341 1958 387 1995 μὲν
399 1959 455 1995 τοῦ]
470 1958 516 1995 μὲν
529 1968 586 1986 om.
598 1958 633 1985 V.

324 2004 340 2020 ¹¹
354 1999 494 2036 Περινθίοις]
511 1997 648 2036 Ἡρακλεία
660 1997 691 2033 ηΎ
701 2000 831 2036 ιιἐιρινθιόις
848 1998 873 2027 δὲ
891 1999 934 2027 καὶ
948 2001 975 2027 ἀ.
985 1998 1024 2027 V.
1051 2011 1095 2026 και
1108 2003 1176 2027 ante

278 2037 347 2072 αὖθις
360 2038 442 2067 addit
455 2038 494 2067 A.

320 2085 335 2100 Χ
348 2079 473 2116 παρέσχεν
485 2082 567 2112 αὐτοῖς
584 2081 685 2116 θεάτρου
701 2090 745 2106 και
762 2079 859 2115 κννηγ.]
875 2078 951 2107 Cum
965 2083 1029 2107 toto
1042 2079 1098 2107 hoc
1110 2078 1175 2107 loeo

278 2118 378 2147 confer
391 2118 510 2147 omnino
519 2118 701 2157 Hesychium
712 2118 899 2147 Illustrium
890 2128 922 2146 m
935 2118 1035 2147 libello
1045 2118 1081 2147 de
1093 2118 1174 2156 Orig.

278 2158 458 2192 CPolitanis,
469 2159 524 2186 sub
538 2158 643 2193 finem;
658 2159 787 2196 itemque
796 2158 964 2186 Codinum
955 2168 987 2186 m
1000 2168 1088 2197 opere
1098 2158 1175 2196 ejus-

278 2198 345 2227 dem
359 2198 532 2236 argumenti,
547 2198 639 2226 Num.
654 2198 711 2226 XI.
727 2203 757 2226 et
772 2198 992 2226 X11.KUST.

318 2238 562 2275 Υκννηγίυν]κννηγ
562 2237 726 2266 ίουΑΜΒΕ
741 2248 796 2276 sup
796 2248 866 2266 rasc-
900 2238 1058 2274 κυνῆγιονν.
1101 2238 1175 2266 Mox

279 2279 307 2307 τὸ
321 2283 389 2307 ante
403 2278 549 2316 ἱπποδρόμιον
488 2250 675 2306 xmaddunt
689 2277 727 2306 A.
730 2278 766 2306 Β.
768 2278 807 2306 V.
810 2277 847 2305 E.

320 2325 334 2340 ²
347 2319 636 2356 upmelpoena—Be'ffipa]
653 2318 940 2355 παρακείμενα-δένδρη
950 2317 1030 2347 A.V.

319 2364 336 2380 ⁸
349 2357 411 2391 Ζεῦξ
394 2357 492 2395 Em]
509 2360 544 2386 τὰ
556 2362 596 2386 νῦν
609 2360 709 2396 νοῦμερα
722 2357 848 2386 additV.
890 2358 966 2386 Mox
986 2358 1012 2387 δὲ
1033 2363 1063 2387 et
1083 2360 1173 2387 καλού-

278 2399 507 2476 μῒέῒῗῃῖόρτῃ
507 2438 520 2475 ]
537 2438 587 2467 Sic
600 2443 678 2467 recte
691 2448 758 2467 mss.
774 2438 865 2466 Paris.
907 2438 951 2466 At
967 2438 1078 2477 priores
1091 2438 1175 2467 editt.

278 2482 304 2507 ἐν
320 2482 352 2516 τῇ
369 2480 466 2515 πρῶ-ηε
489 2478 568 2516 quod
581 2478 708 2506 Wolfius
722 2483 752 2506 et
767 2478 875 2523 Portus
887 2478 963 2506 bona
976 2478 1094 2516 quidem
1108 2478 1175 2513 fide,

278 2518 330 2547 sed
343 2518 426 2546 nullo
439 2528 526 2547 sensu
539 2523 696 2551 verterant,
707 2517 738 2546 in
748 2517 854 2556 prima.
878 2518 1001 2547 KUST.
1043 2518 1119 2547 Mox
1132 2522 1176 2547 κη’-

277 2570 315 2596 ρσυ
326 2558 372 2587 bis
385 2558 451 2587 edd.
465 2563 538 2587 vett.

318 2604 333 2621 (ἕ
346 2599 493 2635 ὑπήντησεν]
509 2598 649 2633 ἀπήντησεν
662 2597 701 2626 A.
743 2598 819 2626 Mox
832 2600 902 2635 δῆμος
915 2608 971 2626 om.
982 2598 1020 2626 V.

318 2639 484 2675 ΣΕΒΗΡΟΣ]
495 2638 555 2667 ὀτι
569 2640 671 2676 Σεβῆρος
682 2640 694 2666 ὅ
704 2638 743 2667 V.

318 2677 334 2700 d
348 2678 425 2711 Οὗτος
443 2682 476 2712 εἷς
493 2679 614 2716 Ἀραβίαν
628 2682 656 2707 ἐκ
674 2680 717 2712 τῆς
733 2678 993 2716 Συρ.-·γε·γραμμε’να
1005 2677 1173 2716 ἀναλέξηται]

278 2718 354 2754 Quis
367 2729 427 2747 non
441 2719 588 2748 existimet
602 2719 663 2747 haec
677 2718 714 2747 de
728 2718 837 2747 Severo
851 2719 989 2757 sophista,
1004 2718 1087 2756 cujus
1108 2729 1175 2757 pro-

278 2759 356 2787 xime
376 2764 445 2788 ante
462 2759 640 2788 mentionem
661 2759 732 2787 feeit
754 2758 868 2792 81111138,
883 2758 1072 2797 intelligenda
1090 2761 1173 2788 esse?

278 2798 322 2827 At
336 2798 421 2827 aliter
435 2809 466 2828 se
478 2809 526 2828 res
538 2799 634 2828 habet.
657 2798 811 2827 Pertinent
825 2799 903 2827 enim
917 2798 973 2827 ista
986 2798 1023 2827 ad
1035 2799 1176 2828 Sevemm

278 2839 492 2878 imperatorem,
505 2844 632 2877 suntque
645 2839 788 2877 ipsissima
796 2839 883 2867 verba
897 2838 1024 2867 Dionis
1015 2849 1046 2867 m
1058 2839 1175 2872 Severo,

278 2889 309 2918 p.
322 2888 358 2915 4¹
368 2888 391 2907 1.
406 2877 634 2919 [LXXV.13.]
675 2878 720 2907 At
741 2888 800 2907 non
822 2878 917 2907 solum
938 2879 1004 2914 ista,
1023 2889 1123 2908 verum
1147 2885 1176 2908 et

279 2928 322 2954 ea,
337 2929 401 2957 quae
415 2924 586 2957 sequuntur,
601 2919 638 2947 de
656 2918 758 2947 eodem
778 2918 886 2947 Severo
902 2919 1075 2958 imperatore
1089 2919 1176 2948 intel-

278 2958 394 2997 ligenda
414 2964 500 2988 sunt:
522 2964 557 2988 ut
577 2958 692 2987 monuit
711 2958 799 2987 etiam
818 2958 1002 2987 Salmasius·
994 2969 1025 2986 ιιι
1043 2959 1122 2987 notis
1139 2959 1177 2987 ad

279 2998 338 3027 AEl.
353 2999 450 3045 Spart.
464 3010 493 3038 p.
506 3008 571 3036 139.
586 2999 656 3027 edit.
672 2998 764 3027 Paris.
807 2997 867 3027 Sed
880 3008 939 3026 uon
953 2998 1019 3026 ideo
1033 3008 1099 3026 cum
1113 2998 1176 3027 lau-

280 3037 348 3068 dato
361 3039 424 3068 viro
445 3049 558 3086 summo
579 3038 730 3084 stupendae
750 3038 934 3084 negligentiae
954 3037 1074 3066 Suidam
1092 3048 1176 3066 accu-

280 3078 417 3107 saverim:
440 3089 506 3108 cum
517 3079 616 3117 jurare
630 3078 732 3111 ausim,
748 3078 835 3107 verba
848 3078 913 3112 ista,
931 3079 1041 3115 Σεβῆρος,
1057 3078 1178 3115 σοφιστης

279 3120 405 3155 Ῥωμαῖος,
418 3119 504 3148 initio
518 3120 554 3148 ab
568 3118 700 3147 hocloco
715 3118 850 3151 abfuisse,
865 3123 896 3146 et
913 3117 1034 3156 reliqua,
1049 3128 1114 3155 quae
1131 3127 1174 3146 se.

281 3163 420 3196 quantur,
441 3169 507 3188 eum
529 3158 704 3198 praecedenti
728 3158 860 3191 articulo,
880 3158 911 3186 111
931 3168 990 3196 quo
1010 3158 1047 3186 de
1068 3157 1216 3204 SeveroH

282 3198 453 3236 imperatore
476 3200 582 3238 agitur,
607 3199 766 3228 cohaesisse.
808 3198 884 3226 Cum
909 3198 986 3227 enim
1011 3198 1098 3226 verba
1122 3198 1178 3226 ista

282 3237 368 3266 initio
385 3237 423 3266 ad
438 3239 597 3277 marginem
613 3239 730 3278 scripta,
745 3238 792 3267 vel
810 3237 912 3267 saltem
931 3238 1000 3267 alibi
1019 3238 1113 3285 posita
1132 3248 1176 3266 es-

283 3282 357 3311 sent,
496 3278 677 3308 inconsultus
697 3278 802 3317 aliquis
821 3278 955 3307 librarius
975 3285 1009 3307 ea
1029 3278 1060 3306 in
1080 3277 1176 3306 locum

282 3317 370 3351 hunc,
387 3326 504 3355 prorsus
525 3318 661 3352 alienum,
680 3319 810 3352 intrusit,
829 3323 860 3347 et
880 3318 921 3347 sic
943 3328 986 3352 ea,
1006 3328 1070 3355 quae
1091 3323 1177 3346 antea

283 3357 421 3386 continua
438 3357 511 3385 serie
528 3357 707 3396 legebantur,
722 3363 752 3387 et
768 3363 846 3387 recte
860 3358 1050 3391 cohaerebant,
1066 3357 1178 3386 violen-

283 3402 328 3426 ter
342 3396 478 3425 divulsit:
498 3406 556 3434 qua
568 3397 679 3426 ratione
692 3403 723 3426 et
737 3397 869 3436 pluribus
883 3397 947 3426 aliis
961 3398 992 3425 in
1006 3397 1077 3425 locis
1090 3397 1176 3426 lexici

1620 368 1658 407 Σ
1697 369 1734 407 Ε
2012 383 2122 424 3274

1190 470 1212 498 Α
1228 478 1279 497 και
1296 479 1336 498 τα
1351 462 1427 497 πάνυ
1443 459 1640 507 κεκρυμμένα·
1667 458 1701 502 ην
1716 475 1776 507 γαρ
1794 457 1851 498 οἷος
1873 460 1965 505 μηδὲν
1980 462 2051 506 μήτ’
2067 463 2119 497 ἆμ-

1227 511 1369 558 θρῶι-ειον,
1393 511 1472 556 μήτε
1498 512 1570 544 θεῖον
1595 508 1831 569 ἀδιερεύνητον’
1818 514 1877 543 ean.
1921 509 1992 543 Κοῖκ
2017 511 2119 546 τούτου

1228 559 1284 596 ‘roi
1309 576 1342 595 τε
1367 557 1487 601 βιβλια
1506 559 1615 598 πάντα,
1632 574 1674 592 τα
1695 556 1856 605 ἀπόρρητόν
1871 573 1902 592 τι
1926 573 2044 604 εχοντα,
2062 558 2119 594 ὅσα

1226 625 1264 656 γε
1288 624 1339 644 και
1366 607 1456 655 ενρεῒν
1472 606 1639 651 ἦδυνῆθη,’
1626 623 1660 642 εκ
1681 607 1795 642 πάντων
1811 611 1866 641 τῶν
1882 605 1992 642 ἀδύτων
2008 608 2118 650 ἀνεῖλε,

1224 674 1275 694 και
1293 661 1373 721 8τῷ
1381 673 1434 693 του
1459 655 1672 704 11Ἀλεξάνδρου
1695 654 1829 704 μνημείω
1855 655 2052 698 συνεκλεισεν,
2074 673 2120 692 ινα

1223 705 1373 754 μηδεις
1357 722 1401 742 ετι
1428 707 1507 753 μήτε
1533 722 1567 741 το
1596 705 1699 741 τούτου
1725 710 1814 752 σῶμα
1839 704 1902 755 ιδῃ,
1922 706 2001 752 μήτε
2026 722 2067 741 τα
2091 706 2120 741 ε’ν

1225 756 1343 795 ε’κείνοις
1357 755 1556 819 γεγραμμένα
1570 755 1763 798 ἀναλέξηται.

1274 803 1387 846 Ὀντος
1403 804 1436 841 τό
1453 805 1536 852 γένος
1551 804 1585 849 ἦν
1602 803 1747 847 Λίβυς,’
1734 820 1765 844 ες
1781 805 1965 851 πραγμάτων
1977 804 2119 847 διοίκησιν

1187 853 1399 902 Βγενναῖος“
1379 871 1448 902 αμα
1474 871 1526 890 και
1555 854 1717 901 θυμοειδής·
1745 857 1866 917 σκληρῷ
1892 869 1926 888 τε
1953 852 2038 901 Ιιβίῳ
2066 870 2118 889 και

1223 909 1337 952 τραχεῖ
1357 904 1559 951 ε’νειθισμένος,
1581 920 1683 975 volvovs·
1704 919 1738 939 τε
1760 903 1871 950 ἀνέχων
1886 904 1999 967 ῥᾶστα,
2016 902 2124 946 νοῆσαί

1224 969 1259 988 τε
1271 969 1383 1000 ταχυς,
1393 969 1444 988 και
1459 969 1494 988 το
1507 952 1622 997 νοηθὲν1
1627 951 1802 988 ε’πιτελεσαι
1816 952 1893 994 ὅξῦς.
1928 950 2026 990 Ουτος
2037 967 2119 998 μετα

1223 1018 1258 1037 το
1275 1002 1419 1038 εἷσελθειν
1436 1002 1479 1042 εἷς
1495 1019 1536 1037 τα
1553 1002 1716 1044 βασιλεια,
1733 1006 1788 1038 τῶν
1802 1001 1942 1044 Αλβινου
1958 1000 2055 1047 φίλων
2072 1017 2119 1036 επι

1224 1056 1280 1096 τῆς
1305 1052 1478 1099 συγκλήτου
1502 1067 1674 1098 κατηγορει,
1696 1052 1868 1099 γράμματα
1890 1067 1925 1087 τε
1947 1051 2052 1092 αὐτῶν,
2070 1066 2121 1085 και

1225 1101 1371 1148 ἐλέγχους
1396 1100 1588 1149 προσεφερεν,
1605 1101 1707 1140 ἄλλας
1728 1116 1763 1136 τε
1786 1100 1894 1140 αλλοις
1911 1099 2055 1148 ἐπιφέρων
2071 1100 2120 1135 αι’-

1223 1150 1306 1194 τίας,
1330 1151 1447 1190 πάντας
1475 1167 1544 1190 τους
1571 1150 1728 1197 ἐξέχοντας
1753 1148 1822 1185 τότε
1852 1154 1908 1193 τῆς
1936 1150 2119 1197 συγκλήτου,

1226 1198 1308 1235 'necat
1324 1199 1394 1240 τοὺς
1410 1216 1491 1235 κατα
1504 1199 1566 1243 εθνη
1578 1199 1696 1235 πλοῦτω
1712 1215 1746 1235 τε
1759 1215 1810 1235 και
1822 1199 1900 1246 γε’νει
1912 1198 2120 1261 ὑπερεχοντας,

1167 1240 1242 1267 ‘c
1226 1249 1381 1297 διέφθειρε.
1433 1250 1522 1284 Πάνυ
1540 1247 1614 1285 δετ
1596 1265 1630 1292 ην
1646 1248 1726 1298 αυτῷ
1742 1264 1793 1284 και
1814 1247 1848 1284 τὸ
1869 1247 2066 1297 φιλίχουσον,
2083 1248 2120 1287 ὦς

1226 1299 1429 1347 ὑπερβάλλειν
1446 1315 1486 1334 τα
1501 1300 1753 1345 πλεονεκτήματα
1769 1303 1825 1342 τῆς
1841 1298 1983 1346 ἀνδρείας.

1275 1351 1340 1383 ιιὈ
1365 1352 1502 1396 Σεβῆρος
1526 1355 1609 1388 οὗτος
1635 1346 1683 1383 ἐπὶ
1705 1347 1878 1410 ⁰⁴AvOeJu‘ov'
1898 1348 2054 1389 βασιλέως
2076 1346 2120 1391 ἠν.

1228 1401 1284 1433 Ἕν
1303 1397 1507 1446 Ἀλεξανδρείᾳ
1532 1397 1563 1433 δὲ
1585 1396 1778 1444 ἀφικόμενος,
1794 1413 1843 1433 τον
1846 1397 2037 1462 ἀπραγμονα
2053 1396 2122 1439 βίον

1226 1447 1302 1491 Ρεζη
1331 1452 1516 1492 φιλοσοφῶν,
1542 1463 1571 1483 εν
1599 1446 1742 1489 βιβλιοις
1774 1445 1910 1492 αφθὸνοις
1935 1445 2016 1482 ουσιν
2042 1462 2122 1481 αυτω

1225 1495 1299 1532 ιικαι
1325 1497 1532 1536 παντοδαποῖς.
1574 1497 1697 1556 ιἘιπερ
1725 1495 1757 1531 δέ
1780 1512 1829 1536 τις
1850 1495 1946 1544 ἕτερος
1969 1494 2066 1535 ἶκανος
2088 1483 2122 1538 ’ἤν

1225 1545 1432 1593 ἐπαγαγέσθαι
1450 1563 1518 1585 τους
1536 1543 1584 1581 ἔπι
1600 1545 1721 1592 παιδείᾳ
1738 1545 1980 1592 διενέγκαντας“
1962 1561 1999 1585 ως
2017 1543 2121 1580 *adron

630 1612 658 1632 ον
682 1612 736 1639 την
759 1595 815 1631 ανω
842 1596 892 1632 δια
915 1612 968 1631 του
990 1595 1104 1631 Νειλου
1126 1595 1298 1657 ἀν-Βῖεναι
1314 1597 1475 1634 πολλάκις·
1503 1595 1651 1655 ἐπιεικήςΝ
1649 1611 1683 1630 τε
1687 1620 1807 1629 .....

1276 1643 1414 1679 Enim
1434 1657 1442 1679 ε

1226 1706 1285 1737 νης·

1481 1642 1560 1679 Ἁντι
1601 1659 1652 1679 του
1695 1642 1870 1690 εὐλογῆσαι.
1921 1644 2122 1690 ιἈριστοφά-

1347 1752 1472 1784 Enniam<
1485 1750 1510 1779 δὲ
1524 1751 1610 1788 τούμὸν
1623 1752 1738 1788 δαίμονας
1750 1750 1803 1787 ἔχει
1818 1752 1934 1786 σεβίσαι.

1225 1878 1313 1916 hujus
1326 1883 1477 1916 peecatum
1491 1887 1553 1907 esse
1566 1877 1660 1906 video.
1683 1877 1806 1906 KUST.

1266 1924 1280 1940 ε
1293 1918 1406 1955 μεθόρια]
1421 1919 1481 1955 μέρη
1496 1918 1534 1946 E.

1268 1957 1327 1986 sui
1340 1959 1384 1995 τε]
1401 1970 1430 1986 τε
1445 1968 1502 1986 om.
1517 1958 1556 1986 V.

1190 2009 1215 2038 E
1267 2004 1284 2028 g'
1297 1999 1492 2035 ’τῷ-μνημείῳ]
1511 1999 1693 2033 τὸ-μνημειον
1707 1997 1745 2025 A.

1266 2037 1453 2075 11Ἀλεξάνδρου
1465 2039 1585 2075 μνημείῳ]
1602 2038 1671 2066 Vid.
1684 2037 1845 2066 casaubon.
1860 2036 1897 2065 ad
1911 2037 2033 2066 Sueten.
2045 2036 2123 2075 Aug.

1226 2089 1250 2107 e.
1265 2079 1309 2107 18.
1324 2088 1352 2117 p.
1366 2079 1431 2115 136.
1453 2078 1615 2107 HEMST.

1265 2125 1275 2140 ¹
1288 2118 1366 2151 Ουτος
1382 2131 1411 2146 το
1429 2119 1495 2155 γένος
1514 2131 1542 2152 ην
1556 2119 1615 2152 Λιβ.
1616 2120 1693 2146 -τὰ
1711 2118 1918 2154 πλεονεκτήματα
1938 2120 1982 2151 τῆς
2000 2118 2120 2154 ἀνδρειας]

1225 2158 1300 2187 Haec
1314 2163 1383 2186 sunt
1397 2158 1484 2186 verba
1497 2158 1620 2186 ,Ioannis
1635 2157 1813 2186 Antiocheni
1827 2157 1863 2186 de
1878 2157 2008 2185 Severo'
2000 2167 2124 2195 lmpera-

1226 2203 1299 2232 tore,
1323 2208 1387 2236 quoe
1410 2198 1549 2236 leguntur
1572 2198 1603 2226 in
1628 2197 1821 2226 Collectaneis
1845 2207 1862 2225 a
1884 2196 2004 2225 Valesio
2027 2196 2123 2230 editis,

1226 2248 1254 2276 Ρ
1266 2238 1341 2306 ξῗεὶι
1355 2238 1515 2315 ξαξέἶίφ]
1531 2279 1578 2315 βίω
1591 2290 1633 2306 και
1646 2281 1739 2314 τραχεῖ
1749 2273 1787 2305 A.
1789 2277 1828 2306 V.
1844 2277 1984 2316 Excerpt.

1265 2317 1275 2340 l
1288 2319 1445 2355 ἐπιτελέσαι]
1462 2318 1614 2347 ἀποτελέσαι
1629 2318 1665 2346 Β.
1667 2318 1704 2345 Ε.
1707 2317 1751 2345 M.

1266 2364 1292 2380 ¹¹¹
1306 2370 1349 2386 και
1362 2359 1429 2394 τους]
1445 2361 1487 2386 και
1501 2362 1549 2386 risu
1559 2357 1685 2386 A.E.M.
1701 2357 1841 2396 Excerpt.
1876 2357 1952 2386 Mox
1966 2359 2001 2385 τὰ
2014 2356 2069 2392 εθνη
2083 2357 2122 2386 V.

1187 2396 1212 2424 F
1225 2398 1276 2436 qui
1285 2403 1314 2427 et
1323 2399 1480 2435 ὑπερέχοντας
1488 2408 1544 2426 0111.
1567 2398 1650 2426 Infra
1659 2395 1687 2432 ἦν
1696 2408 1753 2426 0111.
1763 2397 1848 2426 Ε.Μ.
1865 2398 1908 2426 καὶ
1918 2397 2022 2426 om.V.
2045 2398 2123 2426 Tum

1226 2440 1405 2476 δὶς-ἀνδρείας
1415 2449 1471 2466 0111.
1483 2438 1517 2465 V.

1267 2484 1284 2500 1¹
1297 2481 1328 2506 ‘O
1349 2480 1451 2515 Σεβῆρος
1470 2478 1535 2511 οὗτος
1558 2479 1597 2506 ἐπὶ
1618 2478 1700 2514 Ἀνθ.]
1725 2477 1795 2506 Huc
1815 2477 2018 2506 transferenda
2041 2483 2124 2506 erant

1226 2519 1313 2547 verba
1326 2518 1386 2552 illa,
1401 2528 1466 2556 quoe
1479 2518 1510 2546 in
1523 2518 1667 2557 principio
1680 2518 1768 2564 hujus
1785 2517 1900 2546 articuli
1914 2517 2062 2556 leguntur,
2077 2522 2124 2546 Σε-

1226 2560 1303 2595 βῆρος,
1318 2560 1440 2596 σοφιστὴς
1449 2562 1574 2594 Ῥωμαιος.
1616 2558 1690 2593 Quae
1704 2558 1782 2586 enim
1797 2557 1903 2586 Suidas
1916 2558 1964 2586 hic
1977 2557 2077 2590 tradit,
2087 2568 2124 2586 ex

1227 2599 1381 2627 Dama-scio
1395 2603 1532 2637 excerpta
1545 2603 1623 2633 sunt,
1635 2608 1688 2627 nec
1698 2598 1868 2637 accipienda
1882 2602 1950 2626 sunt
1965 2597 2001 2626 de
2016 2598 2124 2626 Severo

1225 2638 1408 2677 imperatore,
1427 2638 1478 2667 sed
1494 2638 1603 2667 Severo
1620 2638 1749 2677 sophista
1769 2637 1894 2676 quodum
1915 2638 2057 2672 Romano,
2073 2648 2124 2666 cu-

1222 2678 1272 2716 jus
1293 2683 1322 2707 et
1344 2678 1469 2707 Photius
1489 2679 1520 2706 in
1541 2678 1699 2717 Excerptis
1719 2688 1756 2707 ex
1777 2678 1931 2707 Damascio
1945 2688 1973 2716 p.
1990 2687 2075 2714 1040.
2094 2683 2124 2707 et

1229 2728 1314 2756 1049.
1328 2719 1506 2747 mentionem
1519 2719 1598 2747 facit.
1621 2718 1779 2747 Salmasius
1792 2723 1890 2747 tamen
1904 2718 1941 2746 ad
1953 2717 2010 2746 AEl.
2026 2718 2068 2756 Sp
2069 2723 2123 2746 art.

1225 2769 1253 2797 p.
1270 2768 1334 2796 139.
1349 2758 1394 2787 ed.
1410 2759 1501 2787 Paris.
1516 2764 1546 2787 et
1560 2759 1621 2787 11ωο
1635 2768 1716 2796 aeque
1730 2769 1762 2787 ac
1776 2758 1968 2796 praecedentia
1982 2758 2019 2786 ad
2034 2758 2123 2787 Seve-

1227 2809 1292 2827 rum
1314 2799 1517 2837 imperatorem
1541 2799 1687 2837 pertinere
1708 2803 1812 2837 putat;
1835 2803 1865 2826 et
1889 2797 1976 2826 simul
1998 2798 2126 2844 stuporis

1227 2839 1372 2868 Nostrum
1390 2839 1495 2885 arguit,
1517 2838 1567 2876 qui
1588 2849 1647 2867 nou
1668 2838 1762 2867 solum
1784 2838 1892 2867 Severo
1913 2838 2049 2876 sophistae
2070 2838 2126 2866 ista

1226 2879 1346 2913 tribuat,
1356 2879 1407 2907 sed
1415 2879 1503 2908 etiam
1514 2879 1673 2917 sophistam
1684 2878 1767 2907 illum
1782 2879 1836 2907 sub
1845 2878 2007 2907 Anthemio
2018 2878 2124 2906 vixisse

1227 2919 1341 2948 scribat.
1383 2918 1427 2948 At
1447 2919 1472 2947 si
1492 2919 1666 2957 inspexisset
1684 2919 1823 2947 Photium
1840 2918 1912 2946 loeis
1931 2917 2065 2951 laudatis,
2081 2917 2124 2945 vi-

1227 2958 1316 2988 disset
1333 2959 1435 2996 utique
1453 2959 1630 2987 mentionem
1649 2959 1690 2987 ibi
1706 2958 1769 2987 fieri
1784 2958 1884 2986 Severi
1898 2957 2047 2994 cujusdam
2063 2957 2124 2985 Ro.

1226 2999 1314 3033 mani,
1329 2999 1379 3036 qui
1398 3004 1529 3037 tempore
1542 2998 1696 3027 Anthemii
1710 2998 1801 3026 vixit:
1824 3007 1911 3035 quem
1930 2997 2047 3034 quidem
2061 3007 2124 3026 esse

1226 3038 1322 3076 ipsum
1336 3038 1419 3066 illum
1438 3038 1588 3073 Severum,
1603 3038 1640 3067 de
1658 3048 1716 3076 quo
1731 3037 1836 3066 Suidas
1853 3037 1900 3065 hic
1918 3037 2058 3074 loquitur,
2072 3047 2124 3066 ne-

1227 3078 1298 3105 mini
1313 3078 1433 3106 dubium
1448 3078 1524 3106 forte
1538 3084 1621 3116 puto,
1637 3078 1687 3115 qui
1703 3078 1841 3106 Photium
1861 3077 1955 3115 ipsum
1974 3076 2124 3106 consulere

1227 3117 1361 3146 voluerit.
1385 3117 1507 3146 KUST.
2072 3134 2076 3138 -

1267 3164 1282 3179 0
1295 3157 1432 3193 Ἀνθεμῖου]
1447 3158 1570 3194 Ἀνθομίου
1583 3156 1621 3186 A.

1268 3204 1284 3227 P
1297 3196 1384 3234 ἔζησε]
1402 3195 1443 3232 ἔζη
1458 3196 1497 3225 Α.

1268 3244 1283 3266 q
1297 3238 1340 3264 καὶ
1353 3238 1513 3269 παντοδαποῖς
1526 3242 1580 3265 etc.
1595 3246 1651 3264 om.
1664 3236 1702 3265 V.

1268 3284 1279 3299 ¹·
1290 3276 1363 3314 Εἴπερ
1376 3277 1416 3314 δὲ]
1434 3276 1458 3305 δὲ
1473 3287 1529 3304 0111.
1545 3276 1583 3305 A.
1598 3276 1649 3314 qui
1662 3286 1731 3305 mox
1745 3276 1917 3313 διενεγκόντας.

1267 3323 1278 3339 S
1293 3317 1378 3353 αὐτὸν]
1404 3317 1490 3345 {mim
1506 3315 1545 3345 A.
1570 3321 1636 3355 post
1658 3317 1762 3351 ἐπιεικὴς
1784 3316 1894 3345 lacunoe
1918 3316 2000 3355 signa
2027 3317 2121 3356 posui.

1228 3357 1305 3386 Edd.
1321 3367 1386 3386 cum
1402 3357 1477 3385 B.E.
1492 3356 1532 3385 ibi
1546 3357 1653 3386 habent
1667 3359 1754 3391 λείπει,
1768 3366 1827 3394 quo
1840 3358 1929 3386 verbo
1942 3362 2020 3386 earet
2035 3358 2072 3385 A.

1267 3399 1278 3419 t
1290 3397 1479 3436 Ἀριστοφάνης]
1495 3397 1612 3426 Thesm.
1632 3406 1642 3425 1
1652 3406 1695 3425 12.
1710 3396 1760 3426 ubi
1774 3397 1832 3425 vid.
1846 3397 1945 3426 Schol.
