2508 4048
450 370 554 421 3983

484 458 634 493 Κενοτάφια.
655 457 716 484 'rnre
729 454 794 490 ’ἦσαν
807 455 966 492 ἔλισσόμενα,
976 459 1005 488 ὥς
1018 458 1090 489 τύπος
1101 460 1188 493 νεκροῦ,
1199 457 1234 492 μὴ
1247 455 1337 491 ἔχοντα

442 496 532 533 νεκρὸν]
550 496 685 524 Bochart.
705 501 735 524 et
751 496 870 524 Kuster.
884 495 1058 531 πλασσόμενα.
1101 496 1222 527 ,Utinam
1243 496 1337 534 expli-

442 536 570 564 cuissent
601 536 671 573 quid
702 541 776 564 esset
812 538 842 567 ὡς
871 537 943 567 τύπος
972 540 1057 573 νεκροῦ.
1100 535 1231 573 Utraque
1262 536 1336 564 diffi-

443 575 535 603 cultas
550 575 664 604 tollitur
677 575 809 614 legendo,
825 577 976 613 Κενοτάφια.
998 579 1022 604 ἐν
1036 574 1068 608 οἷς
1087 578 1145 603 τινὰ
1158 573 1222 609 ἦσαν
1236 576 1335 604 ἕλισσό-
1350 564 1375 591 A

441 627 505 651 μενοι
523 614 585 651 (vel
605 616 779 651 πλασσόμενα,
799 625 856 652 qua
880 620 978 643 tamen
999 615 1160 644 mutatione
1183 625 1241 643 non
1264 626 1336 654 opus

442 656 512 693 est,)
528 658 557 688 ὦς
569 657 640 688 τύπος
660 659 746 692 νεκροῦ,
759 656 795 690 μὴ
816 654 907 690 ἔχοντα
925 655 1010 693 νεκρόν.
1025 655 1046 683 i.
1061 666 1086 684 e.
1102 655 1291 694 cenotaphia,
1307 656 1337 684 in

441 695 547 732 quibus
561 705 606 723 res
620 700 701 723 erant
719 694 880 723 convolutae
901 694 938 723 ad
957 696 1066 724 mortui
1087 695 1337 733 speciem.——Quae

442 740 559 762 mortuo
573 740 680 763 carent.

482 776 565 808 Κῆλα,
579 775 651 809 βέλη.
667 774 731 802 ’Ὅτε
744 774 770 802 δὲ
784 776 892 812 σημεῖα]
908 774 1006 814 Etym.
1021 774 1099 803 Gud.
1111 776 1181 808 κῆλον
1193 795 1199 802 .
1211 796 1217 802 .
1228 796 1234 803 .
1246 797 1253 803 .
1267 777 1337 803 κατὰ

441 813 467 841 δὲ
480 816 687 852 γλωσσογράφους
699 814 762 849 βέλη
776 816 840 847 θεῖα,
854 817 920 842 τοῦτ’
935 815 1004 842 ἐστὶν
1017 816 1150 852 ἀστραπὰς
1167 815 1209 842 καὶ
1227 816 1337 852 βροντάς.

442 853 523 882 Hinc
543 863 588 892 ap.
611 854 693 882 Suid.
714 854 797 892 lego:
822 856 903 888 Κῆλα,
925 855 996 888 βέλη.
1021 854 1061 882 ὅτε
1083 855 1108 882 δὲ
1129 856 1256 890 διοσημεῖαι
1278 854 1297 882 i.
1312 865 1336 883 e.

440 893 566 931 fulgura.
588 894 641 922 cfr.
665 893 747 922 Suid.
769 904 790 922 s.
806 904 833 922 v.
848 896 980 930 Διοσημία.
1023 894 1154 933 Etymol.
1178 894 1256 924 Gud.
1273 905 1295 923 s.
1310 905 1336 923 v.

440 935 528 961 Κ”’λον.

463 946 577 1006 ηΚοιλάς.
606 974 640 1001 Tb
657 975 753 1006 πλῆθος,
769 973 783 1007 ἢ
799 974 826 1000 τὸ
844 975 932 1011 βάθος]
951 973 1052 1013 Etym.
1069 974 1195 1002 Gudian.
1211 977 1294 1007 κοιλὰς
1307 975 1335 1002 τὸ

439 1014 506 1047 βαθὺ
519 1015 562 1047 τῆς
573 1015 625 1049 γῆς.
661 1013 789 1051 Hesych.
804 1015 929 1048 Κοιλάδες,
943 1015 1024 1047 πεδία,
1039 1013 1147 1049 λιβάδες.
1170 1014 1252 1043 Suid.
1268 1025 1290 1043 s.
1305 1024 1333 1043 V.

440 1053 542 1090 Πλέθρα
556 1074 563 1080 .
579 1073 586 1080 .
602 1074 608 1080 .
623 1057 677 1085 τοὺς
690 1054 793 1090 διύγρους
805 1053 890 1086 τόπους
902 1055 945 1081 καὶ
958 1055 1108 1089 βοτανῶδεις.
1140 1054 1211 1092 Leg.
1226 1055 1332 1093 igitur:

441 1094 540 1125 Κοιλάς.
563 1093 589 1120 τὸ
603 1093 710 1130 πλέθρον,
725 1092 739 1127 ἢ
754 1093 781 1120 τὸ
795 1094 878 1127 βάθος,
895 1093 956 1129 (vel
970 1095 998 1122 τὸ
1011 1096 1078 1128 βαθὺ
1091 1096 1134 1128 τῆς
1145 1095 1213 1131 ’γ’ἤς).

482 1134 567 1167 Κύβος.
589 1136 646 1160 nau
658 1134 819 1170 τετράγωνον]
836 1133 955 1162 Falsum
969 1138 1022 1162 est.
1043 1134 1132 1172 Lege,
1149 1135 1233 1166 Κύβος·
1254 1136 1334 1171 πάντῃ

441 1175 599 1210 τετράγωνον.
642 1173 679 1201 In
694 1173 822 1210 Hesych.
838 1174 924 1207 Κύβον,
939 1175 1095 1210 τετράγωνον.
1128 1175 1215 1207 Κύβος,
1228 1177 1277 1201 πᾶν
1291 1186 1334 1201 τε·

437 1214 564 1250 τράγωνον·
579 1212 593 1246 ἢ
607 1214 697 1248 σχῆμα
710 1213 876 1249 γεωμετρικὸν,
888 1217 943 1241 etc.
955 1222 1040 1241 nemo
1054 1223 1113 1240 non
1124 1212 1213 1246 Videt,
1227 1216 1247 1228 ‘¹
1255 1215 1333 1248 κύβον.

440 1255 459 1267 “
473 1255 634 1289 τετράγωνον”
649 1252 724 1280 male
737 1251 895 1289 repetitum
914 1262 975 1280 esse
995 1262 1011 1280 e
1031 1252 1164 1289 sequenti
1179 1254 1264 1286 Κύβος·
1285 1257 1335 1281 πᾶν

437 1294 597 1329 τετράγωνον.
635 1292 748 1319 Locum
762 1291 852 1328 igitur
865 1292 943 1320 hunc
957 1292 987 1319 in
1002 1292 1120 1320 modum
1134 1292 1259 1331 refinge:
1284 1296 1334 1321 Κύ-

973 367 1456 409 OBSERVATIONES
1485 369 1744 409 CRITICAE

2169 375 2279 426 3984

1387 465 1486 493 reapse
1500 455 1607 484 similes
1621 455 1726 484 ductus
1740 461 1808 485 sunt
1823 467 1926 486 vocum
1940 458 2054 487 ΑΠΤὸΣ
2067 464 2098 487 et
2111 464 2233 488 ΑΙΊῚΟΣ.

1428 497 1561 528 Κύκλωπες.
1585 495 1677 532 ’Ἄγριοι
1691 495 1813 533 ἄνθρονκοι.
1849 499 1898 525 Καὶ
1919 501 2067 527 Κυκλώπειόν
2086 501 2197 535 κλέμμα.
2229 505 2278 534 Ση-

1386 535 1467 571 μαῖνει
1489 535 1513 563 δὲ
1535 536 1578 563 καὶ
1595 534 1655 572 όρος]
1673 536 1752 574 Lege
1775 539 1923 565 Kvxmnm
1942 539 2058 575 βλέμμα,
2073 544 2108 567 ut
2128 549 2175 578 ap.
2191 540 2277 568 eund.

1388 574 1472 603 Suid.
1487 576 1612 610 Πιθῆκειον
1622 576 1737 611 βλέμμα.
1761 577 1851 613 Ἀτρέα
1864 575 1977 614 ὄμματα.
2005 580 2096 616 Κρόνιον
2108 578 2186 615 ὄμμα.
2227 579 2278 608 Ad

1387 614 1437 642 illa
1451 616 1562 649 σημαίνει
1577 616 1601 643 δὲ
1615 617 1658 643 καὶ
1667 614 1714 652 ’όρος
1723 615 1808 653 juvat
1818 617 1974 647 contulisse
1981 618 2083 658 Virgil.
2094 618 2162 647 AEn.
2174 619 2200 648 1.
2211 627 2277 657 205.

1387 664 1435 682 vos
1449 659 1474 683 et
1492 654 1630 693 Cyclopea
1644 665 1718 684 saxa
1733 655 1862 694 Experti.

1428 697 1545 723 Κυλίνδει.
1567 698 1659 729 Κυλίει,
1674 695 1794 733 ἐπιφέρει]
1811 696 1891 734 Lege
1904 698 2031 735 περιφέρει.

1428 735 1500 767 Κυνὸς
1519 737 1597 771 σῆμα.
1629 737 1762 768 Ὀδυσσεὺς
1779 737 1850 764 κατὰ
1867 737 1908 764 τὸν
1923 738 2044 765 ἀπόπλουν
2057 741 2234 776 παραπλεύσας
2246 743 2279 772 εἰς

1387 777 1539 811 Μαρώνειαν,
1553 775 1595 803 καὶ
1608 776 1642 811 μὴ
1662 777 1850 812 σνγχωρούμενος
1867 780 1914 804 τδν
1926 781 1982 805 νεόν
1996 779 2116 812 ἐπιβῆναι,
2133 781 2278 816 διακρίνεται

1386 817 1478 846 τούτοις
1490 814 1605 853 πολέμῳ]
1620 815 1732 843 Mirum
1753 815 1828 843 illud
1848 816 1961 851 accidit,
1977 817 2001 845 si
2018 817 2130 856 Ulyssis
2149 819 2277 853 comites,

1386 853 1455 882 licet
1469 864 1485 882 e
1498 854 1619 883 navibus
1633 865 1691 883 non
1706 855 1821 893 egressi,
1834 865 1899 884 cum
1911 856 2060 885 Maroneis
2073 858 2177 896 proelio
2187 864 2278 887 certa-

1386 893 1454 922 rint.
1476 894 1541 923 Imo
1551 904 1619 923 vero
1632 895 1786 933 legendum
1801 900 1854 929 est,
1869 898 1912 923 καὶ
1925 897 1960 933 μὴ
1973 899 2163 935 συγχωρούμενος
2172 901 2279 931 αὐτοὺς

1347 945 1373 973 Β
1387 937 1434 961 τῶν
1447 938 1503 962 νεῶν
1516 936 1634 969 ἐπιβῆναι.

1427 978 1508 1002 Κῶνοι.
1538 975 1671 1012 Στρόβιλοι.
1692 976 1735 1002 καὶ
1756 975 1784 1003 τὸ
1805 976 1972 1012 ἀποσκίασμα
1993 978 2035 1011 τῆς
2055 978 2111 1014 γῆς]
2133 977 2278 1015 Equidem

1385 1014 1586 1052 corrigendum
1611 1024 1728 1043 censeo:
1756 1018 1839 1044 Κῶνοι,
1861 1017 1995 1053 στρόβιλοι,
2019 1018 2135 1050 κωνοειδὲς
2160 1019 2189 1046 τὸ
2215 1021 2277 1046 ἀτο-

1385 1054 1502 1088 σκΙασμα
1521 1056 1565 1087 τῆς
1583 1056 1636 1090 γῆς.
1677 1055 1766 1092 Diog.
1787 1055 1885 1083 Laert.
1903 1056 1964 1084 vita
1982 1056 2095 1085 Zenon.
2118 1057 2196 1086 Sect-
2213 1066 2276 1094 143.

1383 1093 1427 1120 xa)
1441 1094 1469 1121 τὸ
1483 1094 1527 1127 τὴν
1539 1095 1584 1129 γῆν
1598 1094 1624 1121 δὲ
1642 1095 1748 1128 κωνοειδῆ
1764 1096 1837 1122 σκιὰν
1850 1098 1988 1130 ἀποτελεῖν,
2003 1097 2031 1125 τὸ
2044 1099 2143 1133 μείζονα
2156 1095 2218 1126 εἶναι
2231 1111 2277 1132 ση-

1383 1133 1474 1167 μαίνει.

1424 1172 1550 1207 Μέδιμνος.
1571 1172 1665 1209 Μέτρον
1678 1173 1734 1200 ἐστὶ
1748 1171 1838 1211 Ξηρῶν]
1854 1173 2003 1203 Eratosth.
2013 1175 2044 1203 in
2054 1176 2138 1214 epist.
2153 1177 2191 1205 ad
2205 1177 2276 1205 Pto.

1383 1210 1452 1240 lem.
1466 1222 1526 1250 reg.
1537 1222 1582 1250 ap.
1594 1212 1700 1241 Eutoc.
1714 1212 1878 1242 comment.
1890 1213 1922 1242 in
1933 1214 2058 1243 Archim.
2073 1215 2109 1244 de
2123 1216 2234 1254 sphaera
2247 1222 2276 1245 et

1384 1251 1438 1290 cyl.
1455 1251 1496 1279 II.
1515 1261 1540 1280 2.
1562 1252 1712 1288 δυνησόμεθα
1732 1253 1757 1280 δὲ
1778 1254 1821 1280 καὶ
1839 1255 1875 1281 τὰ
1888 1257 1935 1281 τῶν
1949 1257 2022 1291 ὑγρῶν
2034 1256 2123 1292 μέτρα,
2138 1257 2181 1284 καὶ
2194 1255 2275 1293 ξηρόν,

1384 1292 1448 1327 λέγω
1463 1292 1488 1319 δὲ
1502 1290 1546 1319 οἷον
1559 1292 1679 1329 μετρῆτην
1692 1293 1743 1320 καὶ
1756 1293 1865 1328 μέδιμνον
1879 1296 1912 1325 εἷς
1924 1295 1995 1328 κύβον
2005 1297 2164 1323 καθιστάναι.
2187 1296 2277 1325 Hunc

436 1333 488 1364 βος·
510 1333 590 1368 πάντῃ
611 1334 767 1368 τετράγωνον.
810 1330 922 1359 Eadem
942 1332 1085 1360 medicina
1105 1332 1267 1360 adhibenda
1289 1338 1333 1362 est
1349 1327 1371 1357 C
1383 1331 1459 1359 enim
1481 1331 1512 1359 in
1531 1332 1648 1360 modum
1670 1331 1751 1360 locus
1774 1337 1819 1361 est
1840 1332 2034 1371 refingendus,
2049 1345 2116 1363 cum
2129 1335 2204 1364 illud
2219 1340 2275 1364 ΚΑΙ

438 1371 555 1405 Photio,
578 1370 708 1409 Etymol.
734 1371 779 1398 Μ.
801 1375 830 1398 et
858 1371 987 1399 Zonarae.
1030 1371 1108 1399 Nam
1132 1372 1230 1401 Aulus
1256 1373 1332 1401 Gell.

438 1411 541 1439 Noctt.
565 1410 630 1439 Att.
641 1409 675 1438 Ἰ.
693 1420 747 1439 20:
771 1413 791 1426 ‘¹
807 1411 913 1446 Qualia
937 1416 1006 1440 sunt
1031 1412 1174 1450 quadrata
1200 1412 1332 1452 undique,

439 1453 459 1466 “
473 1460 537 1488 quae
550 1452 635 1485 κύβους
647 1450 701 1485 illi,
713 1461 766 1479 nos
780 1451 978 1489 quadrantalia
991 1451 1113 1480 dicimus
1128 1473 1135 1480 .
1151 1473 1158 1479 .
1172 1453 1243 1484 κύβος
1256 1453 1333 1480 enim

437 1493 458 1506 ‘¹
473 1495 516 1519 est
531 1490 622 1529 figura
637 1501 670 1518 ex
681 1491 755 1519 omni
769 1492 858 1520 latere
871 1492 1042 1529 quadrata.”
1058 1491 1109 1519 cfr.
1123 1491 1234 1520 Herod.
1247 1492 1271 1520 1.
1285 1493 1332 1521 81.

437 1531 479 1558 II.
499 1539 564 1566 124.
587 1530 701 1558 Platon.
717 1531 793 1559 Tim.
808 1541 836 1570 p.
852 1538 900 1568 55.
922 1531 1040 1559 Euclid.
1056 1531 1113 1559 XI.
1131 1539 1177 1568 25.
1205 1532 1332 1561 Timaeus

434 1571 505 1599 Loc.
521 1570 557 1598 de
571 1570 666 1598 anima
679 1571 790 1605 mundi,
803 1581 831 1609 p.
844 1572 893 1608 98.
914 1570 1079 1609 Asclepiad.
1092 1571 1182 1610 Myrl.
1198 1582 1244 1610 ap.
1257 1572 1330 1600 Ath.

436 1610 494 1638 XI.
506 1618 574 1647 475.
590 1620 614 1638 a.
630 1612 742 1647 θωράκιον
755 1613 903 1648 τετράγωνον
921 1613 1011 1648 πάντῃ,
1026 1612 1089 1645 πλὴν
1110 1614 1153 1645 τῆς
1172 1613 1270 1646 βάσεως
1289 1614 1332 1640 καὶ

435 1652 478 1684 τῆς
499 1652 607 1688 κορυφῆς,
629 1650 705 1679 αὗται
727 1651 752 1679 δὲ
776 1652 916 1688 προῦχουσιν
937 1652 1017 1688 μικρὸν
1041 1654 1078 1679 ἐπ’
1101 1653 1194 1684 εὐθείας
1217 1651 1330 1689 ἐξωτέρω.

435 1690 496 1725 Qui
510 1690 591 1718 locus
604 1700 755 1729 perperam
769 1701 786 1719 a
801 1691 1056 1729 Schweighausero
1067 1696 1202 1729 acceptus
1212 1691 1257 1726 ‚ita
1265 1692 1331 1720 red-

435 1730 547 1758 dendus
561 1735 621 1758 est:
646 1733 665 1746 “
676 1730 813 1759 Loricula
827 1735 889 1760 erat
908 1731 998 1759 cubus
1019 1731 1178 1769 perfectus,
1191 1732 1242 1760 sed
1256 1733 1331 1760 basis

435 1773 456 1786 “
470 1775 499 1798 et
513 1775 615 1798 vertex
631 1769 680 1806 (ut
694 1770 736 1799 ita
753 1771 860 1809 dicam)
876 1771 917 1799 ita
931 1776 1013 1799 erant
1026 1770 1185 1805 instructas,
1201 1777 1235 1800 ut
1250 1772 1331 1809 quasi

435 1812 455 1826 “
469 1820 581 1838 coronae
598 1815 761 1838 extrorsum
779 1811 1004 1849 prominerent.’'
1047 1810 1186 1840 Conferas
1200 1812 1286 1840 modo
1301 1822 1330 1840 e-

430 1849 547 1887 jusdem
562 1849 744 1888 Asclepiadis
758 1851 845 1879 verba
859 1860 905 1889 ap.
921 1849 1032 1878 Athen.
1047 1850 1104 1878 XI.
1117 1851 1184 1887 488.
1200 1852 1284 1880 c—d.

474 1889 592 1918 Vitium
609 1895 706 1918 autem
727 1890 817 1922 istud,
831 1900 897 1918 nam
919 1890 956 1918 ad
977 1890 1098 1918 Suidam
1119 1897 1257 1925 revertor,
1270 1892 1330 1929 jam

433 1929 560 1966 antiquis
574 1930 753 1967 temporibus
770 1930 929 1958 obtinuisse
948 1930 1016 1958 hinc
1029 1936 1158 1968 apparet,
1174 1932 1253 1968 quod
1267 1932 1330 1960 Eu-

434 1969 558 1997 stathius
572 1969 609 1997 ad
620 1969 678 1998 Od.
692 1969 717 1997 Ι.
739 1980 767 2008 p.
784 1971 830 1998 28.
846 1970 890 1998 ed.
907 1970 974 1998 Bas.
990 1974 1020 1998 et
1037 1970 1167 2008 Etymol.
1179 1971 1224 1998 M.
1240 1972 1330 2010 scrip-

433 2014 551 2037 serunt:
575 2011 661 2044 Κύβος·
683 2013 757 2037 πᾶσα
770 2011 851 2047 ψῆφος
864 2013 1018 2047 τετράγωνος.
1051 2009 1141 2044 Quod
1153 2011 1260 2039 mirum
1275 2017 1328 2046 est,

434 2058 528 2086 neque
543 2048 705 2077 ferendum.

1383 1371 1537 1438 {ccidisset
1557 1377 1676 1410 propter
1690 1372 1863 1401 antecedens
1882 1377 1943 1401 HN.
1958 1383 1984 1402 ν.
2003 1374 2108 1403 Strabo
2127 1375 2170 1404 11.
2184 1385 2213 1414 p.
2229 1383 2276 1413 73.

1415 1411 1440 1438 Ι.
1457 1412 1524 1448 508.

1423 1453 1578 1487 Μεσογαίων.
1599 1454 1740 1489 Αἰτιατικῇ.
1771 1452 1904 1489 Μεσόγειος
1921 1453 1956 1486 δὲ,
1970 1454 2028 1481 ἀντὶ
2046 1458 2097 1489 τοῦ,
2116 1456 2191 1491 μέσος
2208 1457 2278 1484 κατὰ

1382 1491 1425 1524 τὴν
1438 1491 1495 1527 γῆν]
1511 1491 1582 1529 Leg.
1598 1491 1739 1528 Μεσόγειον.
1761 1495 1887 1530 αἰτιατικῇ
1901 1498 1956 1522 etc.
1986 1493 2078 1532 Apud
2091 1494 2178 1523 eund..
2193 1494 2275 1525 Suid.

1381 1531 1510 1567 Ὕπόγεων.
1531 1531 1660 1569 οὐδετέρως.
1681 1533 1799 1568 ὑπογαίων
1817 1532 1852 1566 δὲ,
1867 1533 1910 1560 ὑπὸ
1929 1534 1973 1567 τὴν
1991 1536 2045 1570 γῆν.
2086 1534 2158 1572 Leg.
2172 1535 2278 1572 ὑπόγειον

1381 1570 1416 1604 δὲ,
1432 1571 1474 1598 ὑπὸ
1489 1572 1533 1605 τὴν
1546 1573 1600 1608 γ’ἦν.
1642 1572 1738 1609 Atque
1752 1582 1774 1600 s.
1790 1582 1816 1600 v.
1831 1572 1935 1609 Εὔγειος.
1956 1573 2026 1606 τόπος
2045 1575 2124 1608 καλὴν
2141 1573 2203 1611 ἔχειν
2220 1577 2275 1612 γ’ἧν,

1380 1611 1424 1638 καὶ
1437 1611 1558 1648 οὐδετέρως
1571 1612 1599 1639 τὸ
1613 1611 1711 1648 εὔγειον,
1725 1611 1781 1650 leg.
1795 1613 1838 1640 καὶ
1859 1613 1979 1650 οὐδετέρως
1998 1614 2027 1641 τὸ
2047 1614 2142 1650 εὔγεων.
2184 1614 2277 1644 Deni—

1381 1660 1447 1687 que,
1460 1651 1484 1679 si
1498 1651 1661 1679 litterarum
1674 1651 1770 1680 ordini
1781 1652 1938 1687 fidendum,
1949 1663 1973 1681 s.
1986 1663 2013 1681 v.
2024 1656 2152 1691 Ἐτίγειος,
2166 1656 2178 1682 δ
2190 1655 2276 1692 γήϊνος,

1381 1689 1437 1728 leg.
1452 1692 1559 1728 ἐπίγειος.
1976 1695 1979 1696 ’
2180 1710 2183 1711 ’

1421 1731 1513 1759 Μέσον.
1541 1733 1575 1759 Τὸ
1588 1732 1692 1768 μετέχον
1705 1734 1747 1759 τοῦ
1760 1730 1821 1759 ἴσου.
1854 1733 1910 1760 Ἐπὶ
1923 1735 1973 1770 γὰρ
1986 1736 2034 1761 τῶν
2046 1734 2132 1767 ἦθικῢν
2144 1737 2236 1771 ἀρετόν
2248 1737 2278 1762 αἱ

1379 1770 1425 1806 μὲν
1438 1772 1579 1808 ὑπερβολαὶ,
1591 1772 1660 1808 etc.]
1678 1771 1724 1799 Ea
1740 1776 1785 1799 est
1800 1772 2058 1810 Pythagoraeorum
2072 1773 2155 1807 ratio,
2171 1774 2276 1812 quibus

1380 1810 1468 1839 etiam
1479 1811 1631 1845 debentur,
1641 1821 1706 1849 quae
1719 1821 1788 1839 mox
1802 1817 1980 1850 sequuntur:
2002 1813 2039 1841 ’ὅτι
2052 1813 2159 1849 μεσότης
2171 1815 2216 1842 καὶ
2227 1815 2275 1850 με’-

1379 1862 1432 1887 τρον
1446 1854 1470 1878 οὗ
1484 1853 1586 1879 δύναται
1599 1855 1696 1887 μᾶλλον
1709 1852 1751 1879 καὶ
1765 1849 1837 1885 ἦττον
1850 1852 1974 1888 γενέσθαι.
1996 1853 2011 1887 ἦ
2030 1853 2055 1881 δὲ
2068 1854 2187 1891 ὑπερβολὴ
2203 1855 2247 1882 καὶ
2259 1855 2275 1888 ἦ

1380 1889 1497 1925 ἔλλειψις,
1513 1892 1592 1925 ἐπειδὴ
1611 1894 1648 1919 ἐπ’
1663 1891 1758 1927 ἄπειρον
1775 1896 1898 1928 προχωρεῖ,
1919 1894 1960 1920 διὰ
1979 1896 2049 1920 τοῖτο
2069 1893 2179 1930 ἀόριστον
2199 1895 2276 1928 αὒτῆν

1379 1929 1463 1967 ἔλεγον
1486 1933 1571 1959 δυάδα.
1613 1931 1710 1960 Locus
1734 1936 1829 1959 exstat
1853 1931 1885 1959 in
1905 1931 2055 1971 Anonymi
2075 1932 2136 1961 vita
2150 1933 2273 1972 Pythag.

1380 1980 1425 2008 ap.
1448 1970 1534 1998 Phot.
1558 1980 1649 1999 recus.
1674 1970 1712 1999 ad
1735 1970 1803 1999 calc.
1825 1971 1981 2000 Jamblichi
2004 1972 2055 2000 vit.
2079 1972 2203 2011 Pythag.
2226 1973 2273 2002 ed.

1382 2009 1539 2048 Kiessling.
1564 2011 1599 2038 T.
1619 2010 1662 2039 ΙΙ.
1683 2020 1712 2049 p.
1731 2019 1795 2046 104.
1816 2011 1868 2039 ubi
1892 2011 1933 2039 ita
1957 2011 2082 2050 legitur:
2103 2012 2140 2040 ὅτι
2164 2013 2180 2047 ἦ
2200 2015 2274 2049 μονὰς

1379 2052 1449 2077 κατὰ
1469 2051 1513 2084 τὴν
1534 2050 1640 2084 ἰσότητα
1659 2051 1703 2077 καὶ
1723 2050 1752 2078 τὶ
1775 2051 1861 2087 μέτρον
1882 2052 2052 2087 λαμβάνεται,
2074 2052 2089 2086 ἧ
2108 2052 2132 2081 δὲ
2147 2054 2205 2085 δυὰς
2216 2055 2273 2081 καθ’

473 2089 641 2124 Κυκλῆσομεν.
662 2087 848 2126 Ἀναζεύξομεν]
864 2089 935 2127 Leg.
950 2088 1079 2125 ἀνάξομεν.
1122 2089 1208 2118 Unde
1224 2090 1330 2123 (ἀνᾶξο-
1342 2095 1367 2123 Ε
1380 2091 1512 2126 ὖπερβολὴν
1531 2091 1574 2118 καὶ
1595 2089 1713 2124 ἔλλειψιν·
1734 2090 1840 2126 μεσότης
1859 2091 1904 2125 μὲν
1922 2089 1960 2119 οἶν
1977 2093 2020 2119 καὶ
2035 2092 2121 2129 μέτρον
2133 2095 2159 2120 οὗ
2172 2094 2273 2121 δύναται
2309 2090 2312 2093 .

436 2129 494 2165 μεν)
510 2133 610 2156 natum
625 2128 792 2164 ἀναζεύξομεν.

473 2170 561 2195 Κύκλοι
575 2171 600 2195 ἐν
613 2171 648 2203 τῷ
661 2171 748 2205 οὐρανῷ
761 2170 790 2196 ε’.
821 2169 953 2205 Ἀρκτικός,
969 2170 979 2196 ὅ
993 2170 1034 2197 ἀεὶ
1047 2169 1194 2207 φαινόμενος·
1219 2175 1328 2208 Χειμερι-

430 2207 474 2240 νός·
495 2208 606 2244 Τροπικός
619 2209 710 2245 θερινός·
731 2209 882 2246 Ἰσημερινός“
902 2210 1073 2246 Ἀνταρκτικὸς
1090 2211 1196 2247 ἀφανής.
1238 2211 1328 2247 Λέγον-

431 2260 475 2275 ται
489 2247 514 2275 δὲ
528 2249 690 2284 παράλληλοι,
702 2248 789 2276 καθότι
802 2252 827 2276 οὗ
841 2250 987 2276 συννεύουσιν
1002 2252 1034 2281 εἷς
1047 2250 1175 2283 ἀλλήλους’
1191 2252 1328 2287 γράφονται

432 2287 514 2324 μέντοι
527 2288 579 2324 περὶ
592 2288 620 2315 τὸ
634 2288 694 2316 αὐτὸ
708 2288 810 2325 κέντρον.
850 2291 882 2316 ‘O
897 2288 922 2316 δὲ
936 2290 1054 2321 Ζωδιακός
1072 2288 1139 2321 λοξός
1152 2293 1229 2323 ἐστιν,
1244 2293 1273 2323 ὡς
1287 2290 1328 2318 αἶ’.

431 2339 480 2359 τιος
494 2331 541 2360 τοῖς
553 2328 737 2366 παραλλήλοις]
753 2328 780 2356 Ε
796 2328 937 2366 Diogene,
952 2328 1030 2357 unde
1044 2329 1100 2357 ista
1114 2329 1246 2358 desumta
1260 2335 1328 2359 sunt

434 2366 523 2403 (VII.
543 2376 554 2395 1
560 2374 576 2404 5
581 2370 633 2404 5.),
650 2367 798 2396 Kusterus
816 2368 943 2406 corrigit,
964 2370 1075 2406 Τροπικός
1093 2370 1231 2406 χειμερινὸς,
1249 2375 1279 2398 et
1300 2373 1330 2403 ὣς

432 2407 503 2435 ἐπιὼν
522 2409 576 2439 τοὺς
595 2408 773 2444 παραλλήλους.
816 2408 876 2436 Sed
889 2418 967 2436 nunc
981 2418 1096 2446 quoque
1109 2410 1268 2438 maximum
1282 2420 1327 2438 re-

433 2446 508 2475 sidet
533 2447 646 2475 vitium.
688 2447 795 2485 Neque
823 2448 901 2476 enim
925 2447 1098 2477 circulorum
1123 2450 1253 2477 omnium
1277 2450 1328 2478 sed

432 2486 636 2525 parallelorum
659 2491 774 2515 tantum
798 2497 936 2516 numerus
961 2488 1089 2526 quinque
1117 2494 1169 2517 est.
1212 2489 1328 2519 Deinde
1342 2479 1365 2508 F
1378 2489 1463 2517 Μέσον
1479 2510 1486 2517 .
1503 2509 1509 2516 .

433 2526 505 2564 quid
530 2526 605 2555 illud
629 2531 689 2555 est:
725 2529 862 2565 γράφονται
889 2529 971 2564 μέντοι
998 2529 1050 2565 περὶ
1077 2529 1105 2556 τὸ
1129 2530 1189 2557 αὐτὸ
1212 2530 1325 2567 κέντρονΡ

433 2566 517 2594 Num
531 2566 631 2595 circuli
645 2566 775 2605 paralleli
788 2567 889 2596 eodem
903 2567 1031 2606 gaudent
1045 2573 1154 2597 centro.
1193 2569 1327 2598 Minime.

435 2606 591 2644 Repugnat
607 2606 683 2634 enim
698 2612 829 2635 veterum
843 2608 1052 2636 mathematicae
1066 2609 1179 2637 rationi.
1217 2609 1328 2638 Locum

433 2646 523 2684 igitur
544 2646 792 2684 corruptissimum
813 2652 873 2675 tam
895 2646 1036 2685 Diogenis
1057 2658 1143 2686 quam
1165 2648 1264 2677 Suidae
1287 2649 1329 2677 ita

434 2686 562 2714 sanabis:
586 2689 674 2714 Κύκλοι
691 2689 844 2723 παράλληλοι
866 2686 1008 2723 (HAT’AOI
1031 2698 1048 2716 a
1068 2688 1249 2727 praecedente
1270 2693 1328 2716 ΚΤ-

434 2729 516 2752 ΚΛΟΙ
531 2726 698 2764 absorptum
712 2731 765 2754 est.
804 2727 908 2755 Suidas
926 2732 1023 2756 autem
1044 2728 1167 2765 glossam
1182 2738 1329 2767 exponens

436 2764 492 2792 aifi:
515 2766 628 2801 λέγονται
643 2766 667 2793 δὲ
681 2767 849 2804 παράλληλοι)
865 2770 889 2795 ἐν
902 2771 937 2802 τῷ
950 2771 1037 2803 οὖρανᾷί
1055 2769 1083 2795 ε’.
1117 2770 1240 2805 Ἀρκτικός
1259 2770 1270 2795 ὅ
1290 2771 1330 2796 ἀεὶ

435 2804 583 2841 φαινόμενος·
604 2806 714 2841 Τροπικὸς
728 2807 819 2842 θερινός·
841 2808 992 2844 Ἰσημερινός·
1006 2808 1142 2844 Χειμερινὸς
1153 2807 1244 2842 (idem
1259 2807 1329 2835 ordo

1379 2133 1475 2165 μᾶλλον
1488 2130 1531 2157 καὶ
1543 2127 1617 2164 ἧττον
1629 2130 1745 2166 γενέσθαι
1756 2135 1810 2158 etc.
1852 2130 1920 2165 Quo
1934 2131 1965 2159 in
1978 2131 2042 2160 loeo
2055 2131 2170 2160 nullum
2183 2132 2274 2162 infer-

1379 2174 1495 2207 pretum
1510 2170 1625 2198 haesisse
1638 2169 1735 2198 miror.
1758 2170 1924 2208 Utrumque
1937 2170 1979 2200 ita
1993 2171 2179 2201 emendemus
2188 2182 2273 2211 opor-

1379 2213 1439 2237 tet:
1463 2209 1544 2244 ἰσότης
1559 2230 1565 2237 .
1581 2230 1588 2237 .
1605 2230 1611 2237 .
1626 2210 1669 2237 καὶ
1687 2209 1772 2247 μέτρον
1790 2212 1815 2237 οὔ
1834 2212 1935 2239 δύναται
1953 2215 2050 2247 μᾶλλον
2062 2213 2105 2240 καὶ
2117 2210 2191 2246 ἧττον
2202 2213 2272 2249 γαί-

1379 2250 1449 2277 σθαι.
1491 2249 1565 2278 Haec
1582 2249 1659 2278 enim
1676 2250 1844 2278 referuntur
1857 2250 1895 2279 ad
1908 2260 1951 2285 ea,
1965 2261 2031 2289 quae.
2044 2256 2271 2281 antecesserant:

1378 2289 1393 2322 ἡ
1413 2290 1488 2324 μονὰς
1507 2292 1577 2317 κατὰ
1599 2290 1643 2323 τὴν
1664 2290 1770 2324 ἰσότητα
1793 2291 1836 2318 καὶ
1857 2291 1885 2318 τὸ
1908 2290 1992 2328 μέτρον
2013 2293 2183 2327 λαμβάνεται.
2225 2291 2275 2321 Sic

1379 2328 1522 2368 Porphyr.
1537 2329 1597 2358 vita
1611 2329 1734 2368 Pythag.
1748 2339 1778 2369 p.
1794 2329 1841 2358 82.
1858 2330 1968 2365 ἰσότητος
1987 2331 2056 2368 λόγος
2075 2331 2109 2359 ἔν.
2151 2331 2195 2360 Ut
2217 2331 2274 2361 alin

1378 2373 1497 2397 taceam.

1418 2408 1541 2443 Μεσότης.
1573 2409 1681 2444 Ἀληθές.
1707 2408 1768 2437 Ὅτι
1789 2409 1925 2445 μεσότητές
1945 2413 2014 2444 εἰσιν,
2033 2413 2074 2439 οὒκ
2091 2411 2230 2449 ἀκρότητες,
2245 2414 2274 2439 αἱ

1378 2451 1426 2476 τῢν
1439 2450 1500 2483 ἠθῶν
1513 2450 1614 2486 ἀρεταὶ]
1630 2449 1710 2487 Lege
1725 2449 1847 2484 Μεσότης.
1868 2452 1953 2487 ἀρετή.
1975 2450 2046 2484 Ὅτι,
2056 2454 2110 2479 ete·
2146 2451 2194 2480 Ita
2207 2461 2231 2480 s.
2245 2461 2272 2479 V-

1526 2509 1532 2516 .
1547 2489 1584 2517 ὅτι
1605 2490 1750 2526 συμβέβηκε
1769 2492 1875 2522 ταύταις
1889 2489 1942 2526 (sc.
1962 2493 2019 2523 ταῖς
2036 2491 2150 2528 ἀρεταῖς)
2165 2494 2191 2519 οὒ
2204 2491 2274 2528 μόνον

1377 2528 1467 2565 μέσαις
1480 2526 1551 2563 εἶναι,
1566 2531 1638 2557 ἀλλὰ
1650 2530 1693 2557 καὶ
1707 2531 1827 2562 ἐναντίαις
1839 2530 1957 2567 ἑκατέρων
1970 2534 2018 2558 τόν
2030 2530 2115 2566 ἄκροιν.

1418 2571 1496 2596 Meni
1510 2589 1516 2596 .
1529 2589 1536 2597 .
1550 2590 1558 2597 .
1573 2569 1641 2606 Πρός·
1662 2572 1776 2607 Σφαῖράν
1786 2573 1809 2597 τ’
1820 2568 1895 2598 ἔπειτ’
1910 2569 1990 2607 ἔρριψε
2002 2573 2059 2607 μετ’
2068 2573 2184 2607 ἀμύμονα
2193 2571 2272 2609 Q&

1379 2609 1440 2644 λέα]
1459 2608 1519 2643 Qui
1538 2619 1638 2637 versus
1659 2618 1696 2638 ex
1718 2609 1841 2638 Homeri
1860 2609 1917 2638 Od.
1933 2609 1989 2638 VI.
2008 2619 2019 2638 1
2030 2617 2072 2647 15.
2094 2609 2199 2639 ductus
2217 2615 2271 2645 est,

1379 2648 1430 2676 ubi
1443 2648 1485 2676 ita
1498 2648 1615 2686 legitur,
1625 2653 1736 2687 σφαῖραν
1749 2648 1825 2677 ἔπειτ’
1836 2649 1917 2687 ἔρριψε
1925 2653 1983 2686 μετ’
1993 2651 2132 2688 ἀμφίπολον
2141 2651 2270 2685 Boukinna.

1381 2688 1467 2716 Unde
1483 2688 1604 2717 Suidam
1618 2688 1791 2717 emendabis.

1418 2730 1495 2756 Μετά
1511 2750 1518 2757 .
1535 2749 1542 2756 .
1558 2749 1564 2756 .
1578 2731 1610 2756 ‘0
1625 2729 1650 2757 δὲ
1664 2728 1760 2756 ἔκλεισε
1779 2729 1822 2762 τὴν
1832 2729 1922 2765 ῥάβδον
1934 2729 2036 2764 πυθμένι
2048 2729 2091 2756 καὶ
2104 2730 2215 2765 πόματι,
2229 2731 2272 2758 καὶ

1378 2770 1447 2803 μετὰ
1466 2772 1550 2805 χεῖρας
1569 2766 1633 2803 εἶχεν
1646 2769 1695 2801 ἀεὶ,
1710 2768 1764 2795 οὔτε
1776 2769 1831 2803 μεθ’
1845 2768 1936 2805 ἡμέραν
1949 2768 2147 2804 κατατιθέμενος,
2161 2770 2204 2797 καὶ
2217 2770 2272 2797 νύκ-

1378 2818 1425 2843 τωρ
1448 2808 1491 2835 ὑπὸ
1515 2808 1559 2841 τὴν
1579 2808 1691 2844 κεφαλὴν
1710 2807 1892 2846 ὑποτιθέμενος]
1909 2807 2055 2845 Equidem
2073 2807 2139 2846 lego
2151 2810 2164 2836 ὖ
2176 2808 2203 2837 δὲ
2218 2810 2272 2847 (ιο.

436 2843 544 2881 ubique
557 2844 724 2872 observatus
738 2845 785 2873 hic
802 2855 917 2883 quoque
937 2846 1080 2874 tenendus
1101 2851 1154 2874 est.
1196 2848 1330 2884 Χειμερινος
1342 2863 1369 2891 G
1380 2845 1561 2884 Alexander)
1577 2846 1674 2875 ἔκλεισε
1687 2848 1732 2881 τὴν
1744 2849 1869 2884 ῥαψῳδίαν
1882 2849 1947 2884 (aut
1961 2849 2009 2880 τὰς
2021 2848 2158 2886 ῥαψῳδίας)
2172 2849 2272 2885 πθμόνι

436 2883 467 2911 in
481 2883 606 2922 priorem
618 2883 725 2912 lineam
739 2884 935 2923 migraverat.)
964 2887 1134 2922 Ἀνταρκτικὸς
1147 2887 1252 2923 ἀφανής.
1281 2887 1329 2915 Λέ-

434 2935 521 2959 γονται
536 2923 562 2951 δὲ
574 2925 736 2961 παράλληλοι,
751 2925 838 2952 καθότι
856 2927 881 2952 οὔ
901 2928 1049 2953 συννεύουσιν
1069 2928 1102 2958 εἶς
1121 2926 1248 2959 ἀλλήλους.
1269 2928 1329 2964 γρά-

436 2968 524 3001 φονται
538 2963 618 2998 μέντοι
632 2964 683 3000 περὶ
697 2964 725 2991 τὸ
739 2965 799 2992 αὐτὸ
813 2964 906 3001 κέντρον
926 2967 937 2992 ὅ
958 2965 1076 2998 Ζωδιακός
1093 2966 1135 2994 καὶ
1153 2967 1164 2993 ὁ
1177 2966 1328 3003 Ἰσημερινός.

435 3005 447 3030 ὅ
461 3002 485 3030 δὲ
498 3003 615 3035 Ζωδιακὸς
627 3002 694 3035 λοξός
706 3006 785 3038 ἐστιν,
795 3007 825 3036 ὥς
837 3004 971 3041 ἁπτόμενος
984 3008 1031 3032 τῶν
1043 3006 1215 3041 παραλλήλων.
1242 3006 1328 3034 Post-

437 3052 522 3080 quam
543 3042 579 3071 de
600 3043 715 3071 circulis
735 3043 880 3082 parallelis
900 3044 985 3078 dixit,
1001 3044 1036 3072 ab
1050 3044 1209 3082 AEquatore
1225 3046 1329 3074 transit

436 3082 473 3110 ad
487 3082 655 3116 Zodiacum,
671 3083 690 3111 i.
705 3093 730 3111 e.
745 3093 762 3111 a
775 3083 883 3112 circulo
897 3084 1034 3122 parallelo
1047 3085 1173 3113 maximo
1187 3085 1224 3113 ad
1237 3086 1328 3114 maxi-

437 3131 516 3149 mum
538 3122 697 3160 obliquum,
719 3123 807 3151 simili
830 3123 916 3152 modo
938 3129 1024 3161 atque
1049 3124 1159 3153 Aratus
1182 3124 1328 3153 Phaenom.

438 3169 505 3198 531.
519 3171 559 3198 sq.
581 3162 706 3190 Librarii
719 3168 816 3191 tamen
831 3163 922 3191 oculis
936 3163 1143 3197 aberrantibus,
1155 3174 1171 3192 e
1183 3170 1267 3193 textu
1279 3175 1329 3194 ex-

437 3200 570 3230 ciderunt
584 3211 627 3236 ea,
639 3204 650 3229 ὅ
666 3203 783 3235 Ζωδιακὸς
796 3204 839 3231 καὶ
852 3205 863 3230 ὅ
877 3204 1028 3240 Ἰσημερινός.

1378 2887 1421 2913 καὶ
1435 2888 1546 2922 πόματι,
1560 2891 1615 2915 etc.
1657 2886 1795 2925 Suspicor
1809 2886 1946 2915 nimirum
1960 2887 1997 2915 ad
2010 2897 2071 2916 voc.
2085 2889 2208 2924 ῥαψῳδίας
2220 2898 2272 2917 ax-

1379 2925 1541 2963 plicandam
1563 2926 1594 2954 in
1617 2927 1746 2965 margine
1769 2926 1945 2965 adscriptum
1969 2926 2059 2956 fuisse
2078 2928 2123 2961 τὴν
2140 2929 2180 2956 122

1380 2966 1437 3000 ᾠδὴν
1453 2964 1494 3001 (ν.
1509 2965 1605 2994 Schol.
1625 2965 1656 2994 in
1671 2966 1792 3005 Dionys.
1809 2966 1913 2995 Thrac.
1928 2966 1965 2995 ad
1979 2966 2096 2996 Villois.
2114 2966 2146 2995 in
2159 2967 2270 2997 Anecd.

1380 3005 1430 3032 Gr.
1447 3005 1482 3033 T.
1494 3006 1535 3043 ΙΙ.
1550 3016 1579 3044 Ρ.
1595 3006 1675 3044 178.)
1691 3006 1769 3035 unde
1790 3015 1858 3034 mox
1878 3008 1967 3043 ῥάβδου
1987 3016 2093 3035 nomen
2113 3007 2144 3035 in
2157 3011 2271 3036 textum

1378 3050 1526 3083 receptum
1542 3045 1588 3074 sit.

1419 3089 1518 3122 Μικροῦ,
1541 3085 1635 3121 σχεδόν,
1658 3086 1776 3123 φανερῶς]
1800 3085 1859 3114 Pro
1883 3089 2040 3114 ΦΑΝΕΡΩΣ
2062 3086 2129 3114 fort.
2156 3085 2269 3125 legend.

1380 3128 1543 3153 ΠΛΗΣῙΩΣ.

1419 3165 1500 3201 Μυρὼ,
1516 3167 1648 3200 Βυζαντία,
1662 3167 1771 3202 ποιήτρια
1785 3167 1854 3199 ἐτι-ὄν,
1869 3166 1912 3192 καὶ
1928 3167 2046 3201 ἐλεγείων,
2061 3166 2104 3193 καὶ
2121 3169 2211 3202 μελῧν,
2225 3168 2271 3194 Ὁ-

1375 3204 1451 3240 >,ιιιῆρου
1471 3209 1513 3232 τοῦ
1534 3209 1648 3241 τραγικοῦ
1669 3207 1786 3242 θυγάτηρ,
1798 3205 1856 3241 γυνὴ
1869 3207 2030 3242 Ἀνδρομάχου
2049 3209 2090 3233 τοῦ
2105 3206 2271 3240 ἐπικληθέντος

478 3240 528 3268 Ad
549 3246 705 3270 extremam
726 3242 799 3271 hanc
820 3243 1010 3271 mutationem
1026 3243 1103 3271 vocis
1116 3243 1192 3275 αἴτιος
1205 3244 1235 3271 in
1249 3243 1328 3272 οἱπτό-
1342 3246 1368 3273 Η
1379 3244 1527 3282 φιλολόγου]
1541 3245 1603 3273 Leo
1620 3244 1748 3273 Allatius
1769 3254 1841 3273 corr.
1859 3244 1963 3280 Ὀμήρου
1983 3248 2026 3272 τοῦ
2045 3249 2160 3282 τραγικοῦ
2180 3246 2260 3283 μήτηρ

437 3292 504 3315 μενος
518 3279 603 3317 Diog.
618 3281 715 3310 Lae'rt.
730 3282 749 3309 l.
765 3282 783 3310 l.
799 3292 851 3310 nos
866 3282 955 3316 ducit,
970 3283 1019 3311 ubi
1035 3293 1112 3311 nunc
1126 3283 1243 3320 quidem
1258 3283 1329 3321 legi-

438 3325 487 3348 tur
501 3320 579 3353 ἐπιὼν,
589 3321 759 3348 mutandum
771 3327 867 3350 tamen
878 3327 907 3350 et
919 3322 1013 3360 ipsum
1028 3323 1057 3350 in
1071 3324 1213 3358 ἁπτόμενος.
1234 3323 1329 3351 Leon-

438 3359 497 3387 tius
525 3358 561 3387 de
585 3358 693 3387 Aratea
717 3361 826 3398 sphaera
851 3362 887 3390 ad
911 3362 979 3390 calc.
1005 3361 1100 3396 Arati,
1125 3363 1215 3391 Paris.
1243 3373 1252 3391 1
1259 3370 1274 3400 5
1280 3371 1327 3400 59.

438 3409 466 3437 Ρ.
486 3398 550 3427 128.
569 3399 610 3427 τὸν
623 3400 735 3434 ζωδιακὸν
748 3401 788 3427 τὸν
808 3402 850 3428 καὶ
871 3402 1037 3438 ἐφαπτόμενον
1058 3406 1104 3429 τῶν
1125 3406 1244 3439 τροπικιῗιν.
1287 3403 1329 3431 Et

1381 3283 1481 3312 Recte.
1516 3284 1574 3312 Sed
1593 3284 1684 3313 altera
1704 3288 1832 3312 remanet
1853 3283 2005 3312 difficultas
2026 3284 2056 3312 in
2074 3284 2271 3314 Andromaohi

1380 3323 1550 3361 cognomine
1569 3324 1707 3362 φιλολόγου.
1749 3323 1870 3351 Constat
1886 3323 1963 3352 enim
1983 3324 2058 3353 inter
2071 3334 2180 3359 omnes,
2196 3325 2270 3353 Era-

1379 3363 1541 3391 tosthenem
1556 3364 1680 3402 primum
1701 3373 1735 3392 eo
1753 3362 1868 3391 nomine
1886 3363 2054 3401 insignitum
2069 3373 2140 3398 esse,
2154 3373 2212 3401 quo
2225 3369 2270 3393 ta.

1379 3412 1446 3431 men
1462 3403 1556 3431 multo
1574 3403 1719 3441 antiquior
1736 3402 1832 3431 fuerat
1847 3402 2068 3432 Andromachae
2082 3403 2205 3432 Homeri
2218 3413 2270 3442 pa-
